order_id,product_code,product_name,option_type,weight_kg,quantity,unit_price,supply_price,margin,margin_rate,is_promotion,price_per_kg
YMM250901-00000001,SMF24654511,"제주 산지직송 황금향 선물세트 가정용 2kg, 1.5kg",중과,2.0,1,29000.0,16000.0,13000,0.4482758620689655,0,14500.0
YMM250901-00000002,SMF82923688,"제주 산지직송 하우스감귤 2kg, 4kg, 4.5kg 소과 로얄과 중대과",로얄과,2.0,1,24000.0,16000.0,8000,0.3333333333333333,1,12000.0
YMM250901-00000003,SMF82923688,"제주 산지직송 하우스감귤 2kg, 4kg, 4.5kg 소과 로얄과 중대과",소과,4.0,1,44000.0,24000.0,20000,0.45454545454545453,0,11000.0
YMM250901-00000004,SMF82923688,"제주 산지직송 하우스감귤 2kg, 4kg, 4.5kg 소과 로얄과 중대과",로얄과,4.5,1,50000.0,30000.0,20000,0.4,0,11111.111111111111
YMM250901-00000005,SMF82923688,"제주 산지직송 하우스감귤 2kg, 4kg, 4.5kg 소과 로얄과 중대과",소과,2.0,2,22000.0,14000.0,16000,0.36363636363636365,1,22000.0
YMM250901-00000006,SMF82923688,"제주 산지직송 하우스감귤 2kg, 4kg, 4.5kg 소과 로얄과 중대과",소과,2.0,1,22000.0,14000.0,8000,0.36363636363636365,1,11000.0
YMM250901-00000007,SMF82923688,"제주 산지직송 하우스감귤 2kg, 4kg, 4.5kg 소과 로얄과 중대과",소과,2.0,1,22000.0,14000.0,8000,0.36363636363636365,1,11000.0
YMM250901-00000009,SMF82923688,"제주 산지직송 하우스감귤 2kg, 4kg, 4.5kg 소과 로얄과 중대과",소과,2.0,2,22000.0,14000.0,16000,0.36363636363636365,1,22000.0
YMM250901-00000010,SMF82923688,"제주 산지직송 하우스감귤 2kg, 4kg, 4.5kg 소과 로얄과 중대과",소과,2.0,2,22000.0,14000.0,16000,0.36363636363636365,1,22000.0
YMM250901-00000011,SMF82923688,"제주 산지직송 하우스감귤 2kg, 4kg, 4.5kg 소과 로얄과 중대과",소과,2.0,2,22000.0,14000.0,16000,0.36363636363636365,1,22000.0
YMM250901-00000012,SMF82923688,"제주 산지직송 하우스감귤 2kg, 4kg, 4.5kg 소과 로얄과 중대과",로얄과,2.0,1,24000.0,16000.0,8000,0.3333333333333333,1,12000.0
YMM250901-00000014,SMF82923688,"제주 산지직송 하우스감귤 2kg, 4kg, 4.5kg 소과 로얄과 중대과",소과,2.0,1,22000.0,14000.0,8000,0.36363636363636365,1,11000.0
YMM250901-00000015,SMF82923688,"제주 산지직송 하우스감귤 2kg, 4kg, 4.5kg 소과 로얄과 중대과",소과,2.0,1,22000.0,14000.0,8000,0.36363636363636365,1,11000.0
YMM250901-00000016,SMF24654511,"제주 산지직송 황금향 선물세트 가정용 2kg, 1.5kg",중과,2.0,1,30000.0,18000.0,12000,0.4,0,15000.0
YMM250901-00000017,SMF24654511,"제주 산지직송 황금향 선물세트 가정용 2kg, 1.5kg",중대과,2.0,1,31000.0,18000.0,13000,0.41935483870967744,0,15500.0
YMM250902-00000001,SMF82923688,"제주 산지직송 하우스감귤 2kg, 4kg, 4.5kg 소과 로얄과 중대과",로얄과,2.0,1,24000.0,16000.0,8000,0.3333333333333333,1,12000.0
YMM250902-00000002,SMF82923688,"제주 산지직송 하우스감귤 2kg, 4kg, 4.5kg 소과 로얄과 중대과",소과,2.0,1,22000.0,14000.0,8000,0.36363636363636365,1,11000.0
YMM250902-00000003,SMF82923688,"제주 산지직송 하우스감귤 2kg, 4kg, 4.5kg 소과 로얄과 중대과",소과,2.0,1,22000.0,14000.0,8000,0.36363636363636365,1,11000.0
YMM250902-00000004,SMF82923688,"제주 산지직송 하우스감귤 2kg, 4kg, 4.5kg 소과 로얄과 중대과",로얄과,2.0,2,24000.0,16000.0,16000,0.3333333333333333,1,24000.0
YMM250902-00000005,SMF68590571,제주 산지직송 하우스감귤,일반,2.0,2,18000.0,16000.0,4000,0.1111111111111111,1,18000.0
YMM250902-00000006,SMF82923688,"제주 산지직송 하우스감귤 2kg, 4kg, 4.5kg 소과 로얄과 중대과",로얄과,4.0,1,48000.0,28000.0,20000,0.4166666666666667,0,12000.0
YMM250902-00000007,SMF82923688,"제주 산지직송 하우스감귤 2kg, 4kg, 4.5kg 소과 로얄과 중대과",소과,4.0,1,44000.0,24000.0,20000,0.45454545454545453,0,11000.0
YMM250902-00000008,SMF82923688,"제주 산지직송 하우스감귤 2kg, 4kg, 4.5kg 소과 로얄과 중대과",소과,2.0,1,22000.0,14000.0,8000,0.36363636363636365,1,11000.0
YMM250902-00000009,SMF82923688,"제주 산지직송 하우스감귤 2kg, 4kg, 4.5kg 소과 로얄과 중대과",로얄과,4.5,1,50000.0,30000.0,20000,0.4,0,11111.111111111111
YMM250902-00000010,SMF82923688,"제주 산지직송 하우스감귤 2kg, 4kg, 4.5kg 소과 로얄과 중대과",로얄과,2.0,1,24000.0,16000.0,8000,0.3333333333333333,1,12000.0
YMM250902-00000011,SMF82923688,"제주 산지직송 하우스감귤 2kg, 4kg, 4.5kg 소과 로얄과 중대과",로얄과,4.5,1,50000.0,30000.0,20000,0.4,0,11111.111111111111
YMM250902-00000012,SMF82923688,"제주 산지직송 하우스감귤 2kg, 4kg, 4.5kg 소과 로얄과 중대과",소과,2.0,1,22000.0,14000.0,8000,0.36363636363636365,1,11000.0
YMM250902-00000020,SMF24654511,"제주 산지직송 황금향 선물세트 가정용 2kg, 1.5kg",중과,2.0,1,29000.0,16000.0,13000,0.4482758620689655,0,14500.0
YMM250903-00000001,SMF82923688,"제주 산지직송 하우스감귤 2kg, 4kg, 4.5kg 소과 로얄과 중대과",소과,2.0,1,22000.0,14000.0,8000,0.36363636363636365,1,11000.0
YMM250903-00000002,SMF82923688,"제주 산지직송 하우스감귤 2kg, 4kg, 4.5kg 소과 로얄과 중대과",소과,2.0,2,22000.0,14000.0,16000,0.36363636363636365,1,22000.0
YMM250903-00000004,SMF82923688,"제주 산지직송 하우스감귤 2kg, 4kg, 4.5kg 소과 로얄과 중대과",소과,2.0,1,22000.0,14000.0,8000,0.36363636363636365,1,11000.0
YMM250903-00000005,SMF82923688,"제주 산지직송 하우스감귤 2kg, 4kg, 4.5kg 소과 로얄과 중대과",로얄과,2.0,2,24000.0,16000.0,16000,0.3333333333333333,1,24000.0
YMM250903-00000007,SMF82923688,"제주 산지직송 하우스감귤 2kg, 4kg, 4.5kg 소과 로얄과 중대과",로얄과,4.5,1,50000.0,30000.0,20000,0.4,0,11111.111111111111
YMM250903-00000008,SMF82923688,"제주 산지직송 하우스감귤 2kg, 4kg, 4.5kg 소과 로얄과 중대과",소과,2.0,1,22000.0,14000.0,8000,0.36363636363636365,1,11000.0
YMM250904-00000001,SMF82923688,"제주 산지직송 하우스감귤 2kg, 4kg, 4.5kg 소과 로얄과 중대과",소과,2.0,1,22000.0,14000.0,8000,0.36363636363636365,1,11000.0
YMM250904-00000002,SMF82923688,"제주 산지직송 하우스감귤 2kg, 4kg, 4.5kg 소과 로얄과 중대과",소과,2.0,1,22000.0,14000.0,8000,0.36363636363636365,1,11000.0
YMM250904-00000003,SMF24654511,"제주 산지직송 황금향 선물세트 가정용 2kg, 1.5kg",소과,1.5,1,19000.0,11000.0,8000,0.42105263157894735,0,12666.666666666666
YMM250904-00000005,SMF68590571,제주 산지직송 하우스감귤,소과,2.0,1,16000.0,14000.0,2000,0.125,1,8000.0
YMM250904-00000007,SMF82923688,"제주 산지직송 하우스감귤 2kg, 4kg, 4.5kg 소과 로얄과 중대과",로얄과,4.0,1,48000.0,28000.0,20000,0.4166666666666667,0,12000.0
YMM250904-00000009,SMF68590571,제주 산지직송 하우스감귤,대과,2.0,1,9900.0,8000.0,1900,0.1919191919191919,1,4950.0
YMM250904-00000010,SMF68590571,제주 산지직송 하우스감귤,일반,2.0,2,18000.0,16000.0,4000,0.1111111111111111,1,18000.0
YMM250905-00000001,SMF68590571,제주 산지직송 하우스감귤,일반,2.0,2,18000.0,16000.0,4000,0.1111111111111111,1,18000.0
YMM250905-00000002,SMF68590571,제주 산지직송 하우스감귤,대과,2.0,1,9900.0,8000.0,1900,0.1919191919191919,1,4950.0
YMM250905-00000003,SMF68590571,제주 산지직송 하우스감귤,대과,2.0,1,9900.0,8000.0,1900,0.1919191919191919,1,4950.0
YMM250905-00000004,SMF24654511,"제주 산지직송 황금향 선물세트 가정용 2kg, 1.5kg",중대과,2.0,1,37000.0,20000.0,17000,0.4594594594594595,0,18500.0
YMM250905-00000005,SMF24654511,"제주 산지직송 황금향 선물세트 가정용 2kg, 1.5kg",중과,2.0,1,29000.0,16000.0,13000,0.4482758620689655,0,14500.0
YMM250905-00000007,SMF82923688,"제주 산지직송 하우스감귤 2kg, 4kg, 4.5kg 소과 로얄과 중대과",로얄과,4.0,1,48000.0,28000.0,20000,0.4166666666666667,0,12000.0
YMM250905-00000008,SMF82923688,"제주 산지직송 하우스감귤 2kg, 4kg, 4.5kg 소과 로얄과 중대과",소과,2.0,1,22000.0,22000.0,0,0.0,1,11000.0
YMM250905-00000009,SMF24654511,"제주 산지직송 황금향 선물세트 가정용 2kg, 1.5kg",중과,2.0,1,35000.0,18000.0,17000,0.4857142857142857,0,17500.0
YMM250905-00000011,SMF24654511,"제주 산지직송 황금향 선물세트 가정용 2kg, 1.5kg",중과,2.0,1,29000.0,16000.0,13000,0.4482758620689655,0,14500.0
YMM250906-00000001,SMF82923688,"제주 산지직송 하우스감귤 2kg, 4kg, 4.5kg 소과 로얄과 중대과",소과,2.0,1,22000.0,22000.0,0,0.0,1,11000.0
YMM250906-00000002,SMF82923688,"제주 산지직송 하우스감귤 2kg, 4kg, 4.5kg 소과 로얄과 중대과",소과,2.0,1,22000.0,22000.0,0,0.0,1,11000.0
YMM250907-00000001,SMF82923688,"제주 산지직송 하우스감귤 2kg, 4kg, 4.5kg 소과 로얄과 중대과",소과,4.5,1,46000.0,26000.0,20000,0.43478260869565216,0,10222.222222222223
YMM250907-00000002,SMF24654511,"제주 산지직송 황금향 선물세트 가정용 2kg, 1.5kg",소과,1.5,1,19000.0,11000.0,8000,0.42105263157894735,0,12666.666666666666
YMM250907-00000004,SMF82923688,"제주 산지직송 하우스감귤 2kg, 4kg, 4.5kg 소과 로얄과 중대과",소과,2.0,1,22000.0,22000.0,0,0.0,1,11000.0
YMM250907-00000005,SMF82923688,"제주 산지직송 하우스감귤 2kg, 4kg, 4.5kg 소과 로얄과 중대과",소과,2.0,1,22000.0,22000.0,0,0.0,1,11000.0
YMM250908-00000001,SMF82923688,"제주 산지직송 하우스감귤 2kg, 4kg, 4.5kg 소과 로얄과 중대과",소과,2.0,1,22000.0,22000.0,0,0.0,1,11000.0
YMM250909-00000001,SMF82923688,"제주 산지직송 하우스감귤 2kg, 4kg, 4.5kg 소과 로얄과 중대과",소과,4.5,2,46000.0,26000.0,40000,0.43478260869565216,0,20444.444444444445
YMM250909-00000002,SMF82923688,"제주 산지직송 하우스감귤 2kg, 4kg, 4.5kg 소과 로얄과 중대과",로얄과,2.0,1,24000.0,16000.0,8000,0.3333333333333333,1,12000.0
YMM250909-00000004,SMF82923688,"제주 산지직송 하우스감귤 2kg, 4kg, 4.5kg 소과 로얄과 중대과",소과,2.0,2,22000.0,22000.0,0,0.0,1,22000.0
YMM250909-00000008,SMF82923688,"제주 산지직송 하우스감귤 2kg, 4kg, 4.5kg 소과 로얄과 중대과",로얄과,4.5,1,50000.0,30000.0,20000,0.4,0,11111.111111111111
YMM250910-00000003,SMF24654511,"제주 산지직송 황금향 선물세트 가정용 2kg, 1.5kg",소과,1.5,1,19000.0,11000.0,8000,0.42105263157894735,0,12666.666666666666
YMM250910-00000004,SMF24654511,"제주 산지직송 황금향 선물세트 가정용 2kg, 1.5kg",중과,2.0,5,35000.0,18000.0,85000,0.4857142857142857,0,87500.0
YMM250910-00000005,SMF24654511,"제주 산지직송 황금향 선물세트 가정용 2kg, 1.5kg",소과,1.5,1,19000.0,11000.0,8000,0.42105263157894735,0,12666.666666666666
YMM250910-00000006,SMF24654511,"제주 산지직송 황금향 선물세트 가정용 2kg, 1.5kg",소과,1.5,1,19000.0,11000.0,8000,0.42105263157894735,0,12666.666666666666
YMM250910-00000007,SMF24654511,"제주 산지직송 황금향 선물세트 가정용 2kg, 1.5kg",소과,1.5,1,19000.0,11000.0,8000,0.42105263157894735,0,12666.666666666666
YMM250910-00000008,SMF24654511,"제주 산지직송 황금향 선물세트 가정용 2kg, 1.5kg",소과,1.5,1,19000.0,11000.0,8000,0.42105263157894735,0,12666.666666666666
YMM250910-00000009,SMF24654511,"제주 산지직송 황금향 선물세트 가정용 2kg, 1.5kg",중과,2.0,2,24000.0,13500.0,21000,0.4375,0,24000.0
YMM250910-00000010,SMF82923688,"제주 산지직송 하우스감귤 2kg, 4kg, 4.5kg 소과 로얄과 중대과",로얄과,4.5,1,50000.0,30000.0,20000,0.4,0,11111.111111111111
YMM250910-00000011,SMF24654511,"제주 산지직송 황금향 선물세트 가정용 2kg, 1.5kg",소과,1.5,1,19000.0,11000.0,8000,0.42105263157894735,0,12666.666666666666
YMM250911-00000001,SMF82923688,"제주 산지직송 하우스감귤 2kg, 4kg, 4.5kg 소과 로얄과 중대과",로얄과,2.0,1,24000.0,16000.0,8000,0.3333333333333333,1,12000.0
YMM250911-00000002,SMF24654511,"제주 산지직송 황금향 선물세트 가정용 2kg, 1.5kg",중과,2.0,1,29000.0,16000.0,13000,0.4482758620689655,0,14500.0
YMM250911-00000004,SMF24654511,"제주 산지직송 황금향 선물세트 가정용 2kg, 1.5kg",중대과,2.0,1,31000.0,18000.0,13000,0.41935483870967744,0,15500.0
YMM250912-00000001,SMF82923688,"제주 산지직송 하우스감귤 2kg, 4kg, 4.5kg 소과 로얄과 중대과",로얄과,4.5,1,50000.0,30000.0,20000,0.4,0,11111.111111111111
YMM250912-00000002,SMF82923688,"제주 산지직송 하우스감귤 2kg, 4kg, 4.5kg 소과 로얄과 중대과",소과,2.0,1,22000.0,22000.0,0,0.0,1,11000.0
YMM250912-00000003,SMF82923688,"제주 산지직송 하우스감귤 2kg, 4kg, 4.5kg 소과 로얄과 중대과",로얄과,2.0,1,24000.0,16000.0,8000,0.3333333333333333,1,12000.0
YMM250912-00000004,SMF82923688,"제주 산지직송 하우스감귤 2kg, 4kg, 4.5kg 소과 로얄과 중대과",로얄과,2.0,3,24000.0,16000.0,24000,0.3333333333333333,1,36000.0
YMM250912-00000006,SMF82923688,"제주 산지직송 하우스감귤 2kg, 4kg, 4.5kg 소과 로얄과 중대과",소과,4.5,1,46000.0,26000.0,20000,0.43478260869565216,0,10222.222222222223
YMM250912-00000007,SMF24654511,"제주 산지직송 황금향 선물세트 가정용 2kg, 1.5kg",소과,1.5,1,19000.0,11000.0,8000,0.42105263157894735,0,12666.666666666666
YMM250912-00000008,SMF82923688,"제주 산지직송 하우스감귤 2kg, 4kg, 4.5kg 소과 로얄과 중대과",소과,2.0,1,22000.0,22000.0,0,0.0,1,11000.0
YMM250912-00000009,SMF24654511,"제주 산지직송 황금향 선물세트 가정용 2kg, 1.5kg",소과,1.5,1,19000.0,11000.0,8000,0.42105263157894735,0,12666.666666666666
YMM250912-00000011,SMF82923688,"제주 산지직송 하우스감귤 2kg, 4kg, 4.5kg 소과 로얄과 중대과",소과,2.0,1,22000.0,22000.0,0,0.0,1,11000.0
YMM250913-00000001,SMF24654511,"제주 산지직송 황금향 선물세트 가정용 2kg, 1.5kg",중대과,2.0,1,31000.0,18000.0,13000,0.41935483870967744,0,15500.0
YMM250913-00000002,SMF82923688,"제주 산지직송 하우스감귤 2kg, 4kg, 4.5kg 소과 로얄과 중대과",소과,4.0,1,44000.0,24000.0,20000,0.45454545454545453,0,11000.0
YMM250914-00000001,SMF24654511,"제주 산지직송 황금향 선물세트 가정용 2kg, 3kg, 5kg",소과,5.0,1,42000.0,25000.0,17000,0.40476190476190477,0,8400.0
YMM250914-00000002,SMF24654511,"제주 산지직송 황금향 선물세트 가정용 2kg, 3kg, 5kg",소과,5.0,1,42000.0,25000.0,17000,0.40476190476190477,0,8400.0
YMM250914-00000003,SMF24654511,"제주 산지직송 황금향 선물세트 가정용 2kg, 3kg, 5kg",소과,5.0,1,42000.0,25000.0,17000,0.40476190476190477,0,8400.0
YMM250915-00000001,SMF87846210,"2025 첫수확 노지감귤 가정용 3kg, 5kg",로얄과,10.0,1,35000.0,23000.0,12000,0.34285714285714286,0,3500.0
YMM250915-00000002,SMF87846210,"2025 첫수확 노지감귤 가정용 3kg, 5kg",로얄과,10.0,1,35000.0,23000.0,12000,0.34285714285714286,0,3500.0
YMM250915-00000003,SMF24654511,"제주 산지직송 황금향 선물세트 가정용 2kg, 3kg, 5kg",소과,5.0,1,42000.0,25000.0,17000,0.40476190476190477,0,8400.0
YMM250915-00000004,SMF82923688,"제주 산지직송 하우스감귤 2kg, 4kg, 4.5kg 소과 로얄과 중대과",중대과,4.5,2,39000.0,15000.0,48000,0.6153846153846154,0,17333.333333333332
YMM250915-00000005,SMF87846210,"2025 첫수확 노지감귤 가정용 3kg, 5kg",로얄과,3.0,2,17000.0,8800.0,16400,0.4823529411764706,0,11333.333333333334
YMM250915-00000006,SMF87846210,"2025 첫수확 노지감귤 가정용 3kg, 5kg",소과,5.0,1,24000.0,13300.0,10700,0.44583333333333336,0,4800.0
YMM250915-00000007,SMF87846210,"2025 첫수확 노지감귤 가정용 3kg, 5kg",로얄과,3.0,2,20500.0,11050.0,18900,0.4609756097560976,0,13666.666666666666
YMM250915-00000008,SMF87846210,"2025 첫수확 노지감귤 가정용 3kg, 5kg",로얄과,3.0,1,17000.0,8800.0,8200,0.4823529411764706,0,5666.666666666667
YMM250915-00000009,SMF87846210,"2025 첫수확 노지감귤 가정용 3kg, 5kg",로얄과,10.0,1,35000.0,23000.0,12000,0.34285714285714286,0,3500.0
YMM250915-00000010,SMF87846210,"2025 첫수확 노지감귤 가정용 3kg, 5kg",로얄과,5.0,1,24000.0,13300.0,10700,0.44583333333333336,0,4800.0
YMM250915-00000011,SMF87846210,"2025 첫수확 노지감귤 가정용 3kg, 5kg",로얄과,5.0,1,24000.0,13300.0,10700,0.44583333333333336,0,4800.0
YMM250915-00000012,SMF24654511,"제주 산지직송 황금향 선물세트 가정용 2kg, 3kg, 5kg",소과,3.0,1,32000.0,15800.0,16200,0.50625,0,10666.666666666666
YMM250915-00000013,SMF87846210,"2025 첫수확 노지감귤 가정용 3kg, 5kg",로얄과,10.0,2,35000.0,23000.0,24000,0.34285714285714286,0,7000.0
YMM250915-00000014,SMF87846210,"2025 첫수확 노지감귤 가정용 3kg, 5kg",소과,5.0,1,24000.0,13300.0,10700,0.44583333333333336,0,4800.0
YMM250915-00000015,SMF29718566,제주 산지직송 황금향 선물세트 가정용,소과,5.0,1,42000.0,25000.0,17000,0.40476190476190477,0,8400.0
YMM250916-00000001,SMF82923688,"제주 산지직송 하우스감귤 2kg, 4kg, 4.5kg 소과 로얄과 중대과",중대과,4.5,1,39000.0,15000.0,24000,0.6153846153846154,0,8666.666666666666
YMM250916-00000002,SMF87846210,"2025 첫수확 노지감귤 가정용 3kg, 5kg",로얄과,10.0,1,35000.0,23000.0,12000,0.34285714285714286,0,3500.0
YMM250916-00000003,SMF29718566,제주 산지직송 황금향 선물세트 가정용,소과,5.0,1,42000.0,25000.0,17000,0.40476190476190477,0,8400.0
YMM250917-00000001,SMF87846210,"2025 첫수확 노지감귤 가정용 3kg, 5kg",로얄과,5.0,1,24000.0,13300.0,10700,0.44583333333333336,0,4800.0
YMM250917-00000002,SMF82923688,"제주 산지직송 하우스감귤 2kg, 4kg, 4.5kg 소과 로얄과 중대과",로얄과,2.0,1,24000.0,16000.0,8000,0.3333333333333333,1,12000.0
YMM250917-00000005,SMF82923688,"제주 산지직송 하우스감귤 2kg, 4kg, 4.5kg 소과 로얄과 중대과",소과,2.0,2,22000.0,22000.0,0,0.0,1,22000.0
YMM250918-00000003,SMF87846210,"2025 첫수확 노지감귤 가정용 3kg, 5kg",소과,3.0,1,17000.0,8800.0,8200,0.4823529411764706,0,5666.666666666667
YMM250918-00000004,SMF87846210,"2025 첫수확 노지감귤 가정용 3kg, 5kg",소과,3.0,1,17000.0,8800.0,8200,0.4823529411764706,0,5666.666666666667
YMM250918-00000005,SMF87846210,"2025 첫수확 노지감귤 가정용 3kg, 5kg",로얄과,10.0,1,35000.0,23000.0,12000,0.34285714285714286,0,3500.0
YMM250918-00000006,SMF87846210,"2025 첫수확 노지감귤 가정용 3kg, 5kg",소과,3.0,1,17000.0,8800.0,8200,0.4823529411764706,0,5666.666666666667
YMM250918-00000007,SMF29718566,제주 산지직송 황금향 선물세트 가정용,중대과,3.0,10,39000.0,25000.0,140000,0.358974358974359,0,130000.0
YMM250918-00000008,SMF29718566,제주 산지직송 황금향 선물세트 가정용,소과,3.0,1,32000.0,15800.0,16200,0.50625,0,10666.666666666666
YMM250918-00000010,SMF29718566,제주 산지직송 황금향 선물세트 가정용,소과,5.0,1,42000.0,25000.0,17000,0.40476190476190477,0,8400.0
YMM250919-00000001,SMF87846210,"2025 첫수확 노지감귤 가정용 3kg, 5kg",소과,3.0,1,17000.0,8800.0,8200,0.4823529411764706,0,5666.666666666667
YMM250919-00000002,SMF24654511,"제주 산지직송 황금향 선물세트 가정용 2kg, 3kg, 5kg",소과,3.0,1,32000.0,15800.0,16200,0.50625,0,10666.666666666666
YMM250919-00000004,SMF24654511,"제주 산지직송 황금향 선물세트 가정용 2kg, 3kg, 5kg",소과,3.0,1,32000.0,15800.0,16200,0.50625,0,10666.666666666666
YMM250919-00000006,SMF82923688,"제주 산지직송 하우스감귤 2kg, 4kg, 4.5kg 소과 로얄과 중대과",소과,2.0,1,22000.0,22000.0,0,0.0,1,11000.0
YMM250919-00000007,SMF24654511,"제주 산지직송 황금향 선물세트 가정용 2kg, 3kg, 5kg",소과,3.0,1,32000.0,15800.0,16200,0.50625,0,10666.666666666666
YMM250919-00000008,SMF82923688,"제주 산지직송 하우스감귤 2kg, 4kg, 4.5kg 소과 로얄과 중대과",중대과,2.0,1,18000.0,8000.0,10000,0.5555555555555556,1,9000.0
YMM250919-00000009,SMF87846210,"2025 첫수확 노지감귤 가정용 3kg, 5kg",로얄과,3.0,1,17000.0,8800.0,8200,0.4823529411764706,0,5666.666666666667
YMM250919-00000011,SMF68590571,제주 산지직송 하우스감귤,일반,2.0,2,18000.0,16000.0,4000,0.1111111111111111,1,18000.0
YMM250919-00000012,SMF87846210,"2025 첫수확 노지감귤 가정용 3kg, 5kg",소과,3.0,1,17000.0,8800.0,8200,0.4823529411764706,0,5666.666666666667
YMM250919-00000013,SMF29718566,제주 산지직송 황금향 선물세트 가정용,중대과,5.0,1,54000.0,40000.0,14000,0.25925925925925924,0,10800.0
YMM250919-00000014,SMF87846210,"2025 첫수확 노지감귤 가정용 3kg, 5kg",로얄과,10.0,1,35000.0,23000.0,12000,0.34285714285714286,0,3500.0
YMM250919-00000015,SMF87846210,"2025 첫수확 노지감귤 가정용 3kg, 5kg",로얄과,3.0,1,17000.0,8800.0,8200,0.4823529411764706,0,5666.666666666667
YMM250919-00000017,SMF87846210,"2025 첫수확 노지감귤 가정용 3kg, 5kg",소과,5.0,2,24000.0,13300.0,21400,0.44583333333333336,0,9600.0
YMM250919-00000018,SMF87846210,"2025 첫수확 노지감귤 가정용 3kg, 5kg",로얄과,3.0,1,17000.0,8800.0,8200,0.4823529411764706,0,5666.666666666667
YMM250919-00000019,SMF87846210,"2025 첫수확 노지감귤 가정용 3kg, 5kg",로얄과,5.0,2,24000.0,13300.0,21400,0.44583333333333336,0,9600.0
YMM250919-00000020,SMF87846210,"2025 첫수확 노지감귤 가정용 3kg, 5kg",로얄과,3.0,1,17000.0,8800.0,8200,0.4823529411764706,0,5666.666666666667
YMM250920-00000005,SMF87846210,"2025 첫수확 노지감귤 가정용 3kg, 5kg",로얄과,10.0,1,35000.0,23000.0,12000,0.34285714285714286,0,3500.0
YMM250920-00000006,SMF29718566,제주 산지직송 황금향 선물세트 가정용,소과,5.0,1,42000.0,25000.0,17000,0.40476190476190477,0,8400.0
YMM250920-00000007,SMF29718566,제주 산지직송 황금향 선물세트 가정용,소과,5.0,1,42000.0,25000.0,17000,0.40476190476190477,0,8400.0
YMM250920-00000008,SMF29718566,제주 산지직송 황금향 선물세트 가정용,소과,5.0,1,42000.0,25000.0,17000,0.40476190476190477,0,8400.0
YMM250920-00000009,SMF29718566,제주 산지직송 황금향 선물세트 가정용,소과,5.0,1,42000.0,25000.0,17000,0.40476190476190477,0,8400.0
YMM250920-00000010,SMF29718566,제주 산지직송 황금향 선물세트 가정용,소과,5.0,1,42000.0,25000.0,17000,0.40476190476190477,0,8400.0
YMM250920-00000011,SMF29718566,제주 산지직송 황금향 선물세트 가정용,소과,5.0,1,42000.0,25000.0,17000,0.40476190476190477,0,8400.0
YMM250920-00000012,SMF29718566,제주 산지직송 황금향 선물세트 가정용,소과,5.0,1,42000.0,25000.0,17000,0.40476190476190477,0,8400.0
YMM250920-00000013,SMF29718566,제주 산지직송 황금향 선물세트 가정용,소과,5.0,1,42000.0,25000.0,17000,0.40476190476190477,0,8400.0
YMM250920-00000014,SMF29718566,제주 산지직송 황금향 선물세트 가정용,소과,5.0,1,42000.0,25000.0,17000,0.40476190476190477,0,8400.0
YMM250920-00000015,SMF87846210,"2025 첫수확 노지감귤 가정용 3kg, 5kg",로얄과,10.0,1,35000.0,23000.0,12000,0.34285714285714286,0,3500.0
YMM250920-00000016,SMF87846210,"2025 첫수확 노지감귤 가정용 3kg, 5kg",로얄과,10.0,1,35000.0,23000.0,12000,0.34285714285714286,0,3500.0
YMM250920-00000017,SMF87846210,"2025 첫수확 노지감귤 가정용 3kg, 5kg",로얄과,10.0,1,35000.0,23000.0,12000,0.34285714285714286,0,3500.0
YMM250920-00000018,SMF87846210,"2025 첫수확 노지감귤 가정용 3kg, 5kg",소과,3.0,1,17000.0,8800.0,8200,0.4823529411764706,0,5666.666666666667
YMM250921-00000001,SMF29718566,제주 산지직송 황금향 선물세트 가정용,중대과,3.0,1,39000.0,25000.0,14000,0.358974358974359,0,13000.0
YMM250921-00000002,SMF29718566,제주 산지직송 황금향 선물세트 가정용,중대과,3.0,1,39000.0,25000.0,14000,0.358974358974359,0,13000.0
YMM250921-00000003,SMF29718566,제주 산지직송 황금향 선물세트 가정용,중대과,3.0,1,39000.0,25000.0,14000,0.358974358974359,0,13000.0
YMM250921-00000004,SMF29718566,제주 산지직송 황금향 선물세트 가정용,소과,5.0,1,42000.0,25000.0,17000,0.40476190476190477,0,8400.0
YMM250921-00000006,SMF87846210,"2025 첫수확 노지감귤 가정용 3kg, 5kg",로얄과,5.0,1,24000.0,13300.0,10700,0.44583333333333336,0,4800.0
YMM250921-00000007,SMF87846210,"2025 첫수확 노지감귤 가정용 3kg, 5kg",로얄과,5.0,2,24000.0,13300.0,21400,0.44583333333333336,0,9600.0
YMM250921-00000008,SMF87846210,"2025 첫수확 노지감귤 가정용 3kg, 5kg",로얄과,5.0,1,24000.0,13300.0,10700,0.44583333333333336,0,4800.0
YMM250921-00000009,SMF87846210,"2025 첫수확 노지감귤 가정용 3kg, 5kg",로얄과,5.0,1,24000.0,13300.0,10700,0.44583333333333336,0,4800.0
YMM250921-00000010,SMF87846210,"2025 첫수확 노지감귤 가정용 3kg, 5kg",로얄과,5.0,1,24000.0,13300.0,10700,0.44583333333333336,0,4800.0
YMM250921-00000011,SMF87846210,"2025 첫수확 노지감귤 가정용 3kg, 5kg",로얄과,5.0,1,24000.0,13300.0,10700,0.44583333333333336,0,4800.0
YMM250921-00000012,SMF87846210,"2025 첫수확 노지감귤 가정용 3kg, 5kg",로얄과,5.0,1,24000.0,13300.0,10700,0.44583333333333336,0,4800.0
YMM250921-00000013,SMF87846210,"2025 첫수확 노지감귤 가정용 3kg, 5kg",소과,3.0,1,17000.0,8800.0,8200,0.4823529411764706,0,5666.666666666667
YMM250921-00000014,SMF29718566,제주 산지직송 황금향 선물세트 가정용,소과,3.0,1,32000.0,15800.0,16200,0.50625,0,10666.666666666666
YMM250921-00000015,SMF87846210,"2025 첫수확 노지감귤 가정용 3kg, 5kg",소과,5.0,2,24000.0,13300.0,21400,0.44583333333333336,0,9600.0
YMM250921-00000017,SMF87846210,"2025 첫수확 노지감귤 가정용 3kg, 5kg",로얄과,5.0,1,24000.0,13300.0,10700,0.44583333333333336,0,4800.0
YMM250921-00000018,SMF87846210,"2025 첫수확 노지감귤 가정용 3kg, 5kg",소과,5.0,1,24000.0,13300.0,10700,0.44583333333333336,0,4800.0
YMM250921-00000019,SMF87846210,"2025 첫수확 노지감귤 가정용 3kg, 5kg",소과,3.0,5,17000.0,8800.0,41000,0.4823529411764706,0,28333.333333333332
YMM250921-00000020,SMF87846210,"2025 첫수확 노지감귤 가정용 3kg, 5kg",소과,3.0,1,17000.0,8800.0,8200,0.4823529411764706,0,5666.666666666667
YMM250921-00000021,SMF87846210,"2025 첫수확 노지감귤 가정용 3kg, 5kg",로얄과,10.0,1,35000.0,23000.0,12000,0.34285714285714286,0,3500.0
YMM250921-00000022,SMF24654511,"제주 산지직송 황금향 선물세트 가정용 2kg, 3kg, 5kg",소과,5.0,2,22000.0,12500.0,19000,0.4318181818181818,0,8800.0
YMM250921-00000023,SMF24654511,"제주 산지직송 황금향 선물세트 가정용 2kg, 3kg, 5kg",중대과,3.0,1,37000.0,25000.0,12000,0.32432432432432434,0,12333.333333333334
YMM250922-00000001,SMF24654511,"제주 산지직송 황금향 선물세트 가정용 2kg, 3kg, 5kg",중대과,5.0,2,52000.0,40000.0,24000,0.23076923076923078,0,20800.0
YMM250922-00000002,SMF24654511,"제주 산지직송 황금향 선물세트 가정용 2kg, 3kg, 5kg",중대과,5.0,1,52000.0,40000.0,12000,0.23076923076923078,0,10400.0
YMM250922-00000003,SMF24654511,"제주 산지직송 황금향 선물세트 가정용 2kg, 3kg, 5kg",소과,5.0,1,42000.0,25000.0,17000,0.40476190476190477,0,8400.0
YMM250922-00000004,SMF87846210,"2025 첫수확 노지감귤 가정용 3kg, 5kg",로얄과,3.0,1,17000.0,8800.0,8200,0.4823529411764706,0,5666.666666666667
YMM250922-00000005,SMF29718566,제주 산지직송 황금향 선물세트 가정용,중대과,3.0,1,39000.0,25000.0,14000,0.358974358974359,0,13000.0
YMM250922-00000006,SMF82923688,"제주 산지직송 하우스감귤 2kg, 4kg, 4.5kg 소과 로얄과 중대과",로얄과,4.5,1,50000.0,30000.0,20000,0.4,0,11111.111111111111
YMM250922-00000007,SMF82923688,"제주 산지직송 하우스감귤 2kg, 4kg, 4.5kg 소과 로얄과 중대과",로얄과,4.5,1,50000.0,30000.0,20000,0.4,0,11111.111111111111
YMM250922-00000008,SMF82923688,"제주 산지직송 하우스감귤 2kg, 4kg, 4.5kg 소과 로얄과 중대과",로얄과,4.5,1,50000.0,30000.0,20000,0.4,0,11111.111111111111
YMM250922-00000009,SMF82923688,"제주 산지직송 하우스감귤 2kg, 4kg, 4.5kg 소과 로얄과 중대과",로얄과,4.5,1,50000.0,30000.0,20000,0.4,0,11111.111111111111
YMM250922-00000011,SMF29718566,제주 산지직송 황금향 선물세트 가정용,소과,5.0,1,42000.0,25000.0,17000,0.40476190476190477,0,8400.0
YMM250922-00000012,SMF87846210,"2025 첫수확 노지감귤 가정용 3kg, 5kg",로얄과,5.0,2,24000.0,13300.0,21400,0.44583333333333336,0,9600.0
YMM250922-00000013,SMF24654511,"제주 산지직송 황금향 선물세트 가정용 2kg, 3kg, 5kg",중대과,3.0,1,37000.0,25000.0,12000,0.32432432432432434,0,12333.333333333334
YMM250922-00000014,SMF24654511,"제주 산지직송 황금향 선물세트 가정용 2kg, 3kg, 5kg",중대과,3.0,1,37000.0,25000.0,12000,0.32432432432432434,0,12333.333333333334
YMM250922-00000015,SMF24654511,"제주 산지직송 황금향 선물세트 가정용 2kg, 3kg, 5kg",중대과,3.0,1,37000.0,25000.0,12000,0.32432432432432434,0,12333.333333333334
YMM250922-00000016,SMF29718566,제주 산지직송 황금향 선물세트 가정용,중대과,3.0,1,39000.0,25000.0,14000,0.358974358974359,0,13000.0
YMM250922-00000017,SMF29718566,제주 산지직송 황금향 선물세트 가정용,중대과,3.0,1,39000.0,25000.0,14000,0.358974358974359,0,13000.0
YMM250922-00000018,SMF29718566,제주 산지직송 황금향 선물세트 가정용,중대과,3.0,1,39000.0,25000.0,14000,0.358974358974359,0,13000.0
YMM250923-00000002,SMF24654511,"제주 산지직송 황금향 선물세트 가정용 2kg, 3kg, 5kg",중대과,3.0,4,37000.0,25000.0,48000,0.32432432432432434,0,49333.333333333336
YMM250923-00000003,SMF24654511,"제주 산지직송 황금향 선물세트 가정용 2kg, 3kg, 5kg",중대과,5.0,2,27000.0,20000.0,14000,0.25925925925925924,0,10800.0
YMM250923-00000004,SMF29718566,제주 산지직송 황금향 선물세트 가정용,중대과,5.0,1,54000.0,40000.0,14000,0.25925925925925924,0,10800.0
YMM250923-00000005,SMF29718566,제주 산지직송 황금향 선물세트 가정용,중대과,5.0,1,54000.0,40000.0,14000,0.25925925925925924,0,10800.0
YMM250923-00000006,SMF29718566,제주 산지직송 황금향 선물세트 가정용,중대과,5.0,1,54000.0,40000.0,14000,0.25925925925925924,0,10800.0
YMM250923-00000007,SMF29718566,제주 산지직송 황금향 선물세트 가정용,중대과,5.0,1,54000.0,40000.0,14000,0.25925925925925924,0,10800.0
YMM250923-00000008,SMF29718566,제주 산지직송 황금향 선물세트 가정용,중대과,5.0,1,54000.0,40000.0,14000,0.25925925925925924,0,10800.0
YMM250923-00000009,SMF29718566,제주 산지직송 황금향 선물세트 가정용,중대과,5.0,1,54000.0,40000.0,14000,0.25925925925925924,0,10800.0
YMM250923-00000010,SMF29718566,제주 산지직송 황금향 선물세트 가정용,중대과,5.0,1,54000.0,40000.0,14000,0.25925925925925924,0,10800.0
YMM250923-00000011,SMF29718566,제주 산지직송 황금향 선물세트 가정용,중대과,3.0,1,39000.0,25000.0,14000,0.358974358974359,0,13000.0
YMM250923-00000012,SMF29718566,제주 산지직송 황금향 선물세트 가정용,중대과,3.0,1,39000.0,25000.0,14000,0.358974358974359,0,13000.0
YMM250923-00000013,SMF29718566,제주 산지직송 황금향 선물세트 가정용,중대과,3.0,1,39000.0,25000.0,14000,0.358974358974359,0,13000.0
YMM250923-00000014,SMF87846210,"2025 첫수확 노지감귤 가정용 3kg, 5kg",로얄과,3.0,2,17000.0,8800.0,16400,0.4823529411764706,0,11333.333333333334
YMM250923-00000015,SMF29718566,제주 산지직송 황금향 선물세트 가정용,중대과,5.0,1,54000.0,40000.0,14000,0.25925925925925924,0,10800.0
YMM250923-00000016,SMF29718566,제주 산지직송 황금향 선물세트 가정용,중대과,5.0,1,54000.0,40000.0,14000,0.25925925925925924,0,10800.0
YMM250923-00000017,SMF29718566,제주 산지직송 황금향 선물세트 가정용,중대과,5.0,1,54000.0,40000.0,14000,0.25925925925925924,0,10800.0
YMM250923-00000018,SMF29718566,제주 산지직송 황금향 선물세트 가정용,소과,3.0,1,32000.0,15800.0,16200,0.50625,0,10666.666666666666
YMM250923-00000019,SMF29718566,제주 산지직송 황금향 선물세트 가정용,중대과,5.0,1,54000.0,40000.0,14000,0.25925925925925924,0,10800.0
YMM250923-00000020,SMF29718566,제주 산지직송 황금향 선물세트 가정용,중대과,3.0,1,39000.0,25000.0,14000,0.358974358974359,0,13000.0
YMM250923-00000021,SMF87846210,"2025 첫수확 노지감귤 가정용 3kg, 5kg",로얄과,10.0,1,35000.0,23000.0,12000,0.34285714285714286,0,3500.0
YMM250923-00000022,SMF87846210,"2025 첫수확 노지감귤 가정용 3kg, 5kg",로얄과,5.0,1,24000.0,13300.0,10700,0.44583333333333336,0,4800.0
YMM250923-00000023,SMF87846210,"2025 첫수확 노지감귤 가정용 3kg, 5kg",소과,5.0,1,24000.0,13300.0,10700,0.44583333333333336,0,4800.0
YMM250923-00000024,SMF87846210,"2025 첫수확 노지감귤 가정용 3kg, 5kg",로얄과,10.0,1,35000.0,23000.0,12000,0.34285714285714286,0,3500.0
YMM250923-00000025,SMF68590571,제주 산지직송 하우스감귤,소과,2.0,1,16000.0,14000.0,2000,0.125,1,8000.0
YMM250923-00000026,SMF87846210,"2025 첫수확 노지감귤 가정용 3kg, 5kg",로얄과,5.0,1,24000.0,13300.0,10700,0.44583333333333336,0,4800.0
YMM250923-00000027,SMF87846210,"2025 첫수확 노지감귤 가정용 3kg, 5kg",로얄과,3.0,2,17000.0,8800.0,16400,0.4823529411764706,0,11333.333333333334
YMM250923-00000028,SMF24654511,"제주 산지직송 황금향 선물세트 가정용 2kg, 3kg, 5kg",소과,5.0,1,42000.0,25000.0,17000,0.40476190476190477,0,8400.0
YMM250923-00000029,SMF29718566,제주 산지직송 황금향 선물세트 가정용,소과,3.0,1,32000.0,15800.0,16200,0.50625,0,10666.666666666666
YMM250923-00000030,SMF29718566,제주 산지직송 황금향 선물세트 가정용,소과,3.0,1,32000.0,15800.0,16200,0.50625,0,10666.666666666666
YMM250923-00000032,SMF29718566,제주 산지직송 황금향 선물세트 가정용,소과,5.0,1,42000.0,25000.0,17000,0.40476190476190477,0,8400.0
YMM250923-00000033,SMF87846210,"2025 첫수확 노지감귤 가정용 3kg, 5kg",소과,3.0,4,17000.0,8800.0,32800,0.4823529411764706,0,22666.666666666668
YMM250923-00000034,SMF87846210,"2025 첫수확 노지감귤 가정용 3kg, 5kg",소과,3.0,1,17000.0,8800.0,8200,0.4823529411764706,0,5666.666666666667
YMM250923-00000035,SMF24654511,"제주 산지직송 황금향 선물세트 가정용 2kg, 3kg, 5kg",소과,3.0,1,32000.0,15800.0,16200,0.50625,0,10666.666666666666
YMM250923-00000036,SMF29718566,제주 산지직송 황금향 선물세트 가정용,중대과,3.0,1,39000.0,25000.0,14000,0.358974358974359,0,13000.0
YMM250923-00000037,SMF29718566,제주 산지직송 황금향 선물세트 가정용,중대과,5.0,1,54000.0,40000.0,14000,0.25925925925925924,0,10800.0
YMM250923-00000038,SMF29718566,제주 산지직송 황금향 선물세트 가정용,소과,3.0,1,32000.0,15800.0,16200,0.50625,0,10666.666666666666
YMM250923-00000039,SMF87846210,"2025 첫수확 노지감귤 가정용 3kg, 5kg",소과,10.0,1,35000.0,23000.0,12000,0.34285714285714286,0,3500.0
YMM250923-00000040,SMF87846210,"2025 첫수확 노지감귤 가정용 3kg, 5kg",소과,5.0,1,24000.0,13300.0,10700,0.44583333333333336,0,4800.0
YMM250923-00000041,SMF29718566,제주 산지직송 황금향 선물세트 가정용,소과,5.0,1,42000.0,25000.0,17000,0.40476190476190477,0,8400.0
YMM250923-00000043,SMF29718566,제주 산지직송 황금향 선물세트 가정용,소과,3.0,1,32000.0,15800.0,16200,0.50625,0,10666.666666666666
YMM250923-00000044,SMF87846210,"2025 첫수확 노지감귤 가정용 3kg, 5kg",로얄과,5.0,2,24000.0,13300.0,21400,0.44583333333333336,0,9600.0
YMM250923-00000045,SMF87846210,"2025 첫수확 노지감귤 가정용 3kg, 5kg",소과,3.0,10,17000.0,8800.0,82000,0.4823529411764706,0,56666.666666666664
YMM250923-00000046,SMF29718566,제주 산지직송 황금향 선물세트 가정용,소과,3.0,10,32000.0,15800.0,162000,0.50625,0,106666.66666666667
YMM250923-00000047,SMF87846210,"2025 첫수확 노지감귤 가정용 3kg, 5kg",소과,10.0,1,35000.0,23000.0,12000,0.34285714285714286,0,3500.0
YMM250923-00000048,SMF29718566,제주 산지직송 황금향 선물세트 가정용,중대과,3.0,1,39000.0,25000.0,14000,0.358974358974359,0,13000.0
YMM250923-00000049,SMF29718566,제주 산지직송 황금향 선물세트 가정용,중대과,3.0,1,39000.0,25000.0,14000,0.358974358974359,0,13000.0
YMM250923-00000050,SMF29718566,제주 산지직송 황금향 선물세트 가정용,중대과,3.0,2,39000.0,25000.0,28000,0.358974358974359,0,26000.0
YMM250923-00000051,SMF29718566,제주 산지직송 황금향 선물세트 가정용,중대과,3.0,1,39000.0,25000.0,14000,0.358974358974359,0,13000.0
YMM250923-00000052,SMF87846210,"2025 첫수확 노지감귤 가정용 3kg, 5kg",로얄과,5.0,1,24000.0,13300.0,10700,0.44583333333333336,0,4800.0
YMM250923-00000053,SMF29718566,제주 산지직송 황금향 선물세트 가정용,소과,3.0,1,32000.0,15800.0,16200,0.50625,0,10666.666666666666
YMM250923-00000054,SMF24654511,"제주 산지직송 황금향 선물세트 가정용 2kg, 3kg, 5kg",중대과,3.0,1,37000.0,25000.0,12000,0.32432432432432434,0,12333.333333333334
YMM250923-00000055,SMF24654511,"제주 산지직송 황금향 선물세트 가정용 2kg, 3kg, 5kg",중대과,3.0,1,37000.0,25000.0,12000,0.32432432432432434,0,12333.333333333334
YMM250923-00000057,SMF68590571,제주 산지직송 하우스감귤,일반,2.0,4,18000.0,16000.0,8000,0.1111111111111111,1,36000.0
YMM250923-00000058,SMF29718566,제주 산지직송 황금향 선물세트 가정용,중대과,3.0,1,39000.0,25000.0,14000,0.358974358974359,0,13000.0
YMM250923-00000059,SMF29718566,제주 산지직송 황금향 선물세트 가정용,중대과,3.0,1,39000.0,25000.0,14000,0.358974358974359,0,13000.0
YMM250923-00000060,SMF29718566,제주 산지직송 황금향 선물세트 가정용,중대과,3.0,1,39000.0,25000.0,14000,0.358974358974359,0,13000.0
YMM250923-00000061,SMF29718566,제주 산지직송 황금향 선물세트 가정용,중대과,3.0,1,39000.0,25000.0,14000,0.358974358974359,0,13000.0
YMM250923-00000062,SMF29718566,제주 산지직송 황금향 선물세트 가정용,중대과,3.0,1,39000.0,25000.0,14000,0.358974358974359,0,13000.0
YMM250923-00000063,SMF87846210,"2025 첫수확 노지감귤 가정용 3kg, 5kg",로얄과,10.0,1,35000.0,23000.0,12000,0.34285714285714286,0,3500.0
YMM250923-00000064,SMF29718566,제주 산지직송 황금향 선물세트 가정용,중대과,3.0,1,39000.0,25000.0,14000,0.358974358974359,0,13000.0
YMM250923-00000065,SMF29718566,제주 산지직송 황금향 선물세트 가정용,중대과,3.0,1,39000.0,25000.0,14000,0.358974358974359,0,13000.0
YMM250923-00000066,SMF29718566,제주 산지직송 황금향 선물세트 가정용,중대과,3.0,1,39000.0,25000.0,14000,0.358974358974359,0,13000.0
YMM250923-00000067,SMF29718566,제주 산지직송 황금향 선물세트 가정용,중대과,3.0,1,39000.0,25000.0,14000,0.358974358974359,0,13000.0
YMM250923-00000068,SMF29718566,제주 산지직송 황금향 선물세트 가정용,중대과,3.0,1,39000.0,25000.0,14000,0.358974358974359,0,13000.0
YMM250923-00000069,SMF29718566,제주 산지직송 황금향 선물세트 가정용,중대과,3.0,1,39000.0,25000.0,14000,0.358974358974359,0,13000.0
YMM250923-00000070,SMF29718566,제주 산지직송 황금향 선물세트 가정용,중대과,3.0,1,39000.0,25000.0,14000,0.358974358974359,0,13000.0
YMM250923-00000071,SMF29718566,제주 산지직송 황금향 선물세트 가정용,중대과,3.0,1,39000.0,25000.0,14000,0.358974358974359,0,13000.0
YMM250923-00000072,SMF29718566,제주 산지직송 황금향 선물세트 가정용,중대과,3.0,1,39000.0,25000.0,14000,0.358974358974359,0,13000.0
YMM250923-00000073,SMF87846210,"2025 첫수확 노지감귤 가정용 3kg, 5kg",로얄과,5.0,1,24000.0,13300.0,10700,0.44583333333333336,0,4800.0
YMM250923-00000074,SMF29718566,제주 산지직송 황금향 선물세트 가정용,중대과,3.0,1,39000.0,25000.0,14000,0.358974358974359,0,13000.0
YMM250923-00000075,SMF29718566,제주 산지직송 황금향 선물세트 가정용,중대과,3.0,1,39000.0,25000.0,14000,0.358974358974359,0,13000.0
YMM250923-00000076,SMF29718566,제주 산지직송 황금향 선물세트 가정용,중대과,3.0,1,39000.0,25000.0,14000,0.358974358974359,0,13000.0
YMM250923-00000077,SMF87846210,"2025 첫수확 노지감귤 가정용 3kg, 5kg",로얄과,5.0,1,24000.0,13300.0,10700,0.44583333333333336,0,4800.0
YMM250923-00000078,SMF29718566,제주 산지직송 황금향 선물세트 가정용,중대과,3.0,3,39000.0,25000.0,42000,0.358974358974359,0,39000.0
YMM250923-00000079,SMF87846210,"2025 첫수확 노지감귤 가정용 3kg, 5kg",로얄과,5.0,1,24000.0,13300.0,10700,0.44583333333333336,0,4800.0
YMM250923-00000080,SMF29718566,제주 산지직송 황금향 선물세트 가정용,중대과,3.0,1,39000.0,25000.0,14000,0.358974358974359,0,13000.0
YMM250924-00000001,SMF29718566,제주 산지직송 황금향 선물세트 가정용,중대과,5.0,1,54000.0,40000.0,14000,0.25925925925925924,0,10800.0
YMM250924-00000002,SMF29718566,제주 산지직송 황금향 선물세트 가정용,중대과,5.0,1,54000.0,40000.0,14000,0.25925925925925924,0,10800.0
YMM250924-00000003,SMF29718566,제주 산지직송 황금향 선물세트 가정용,중대과,5.0,1,54000.0,40000.0,14000,0.25925925925925924,0,10800.0
YMM250924-00000004,SMF29718566,제주 산지직송 황금향 선물세트 가정용,중대과,5.0,1,54000.0,40000.0,14000,0.25925925925925924,0,10800.0
YMM250924-00000005,SMF87846210,"2025 첫수확 노지감귤 가정용 3kg, 5kg",로얄과,10.0,1,35000.0,23000.0,12000,0.34285714285714286,0,3500.0
YMM250924-00000006,SMF87846210,"2025 첫수확 노지감귤 가정용 3kg, 5kg",로얄과,10.0,1,35000.0,23000.0,12000,0.34285714285714286,0,3500.0
YMM250924-00000007,SMF87846210,"2025 첫수확 노지감귤 가정용 3kg, 5kg",로얄과,10.0,1,35000.0,23000.0,12000,0.34285714285714286,0,3500.0
YMM250924-00000008,SMF87846210,"2025 첫수확 노지감귤 가정용 3kg, 5kg",로얄과,10.0,1,35000.0,23000.0,12000,0.34285714285714286,0,3500.0
YMM250924-00000009,SMF87846210,"2025 첫수확 노지감귤 가정용 3kg, 5kg",로얄과,10.0,1,35000.0,23000.0,12000,0.34285714285714286,0,3500.0
YMM250924-00000010,SMF87846210,"2025 첫수확 노지감귤 가정용 3kg, 5kg",로얄과,10.0,1,35000.0,23000.0,12000,0.34285714285714286,0,3500.0
YMM250924-00000011,SMF87846210,"2025 첫수확 노지감귤 가정용 3kg, 5kg",로얄과,10.0,1,35000.0,23000.0,12000,0.34285714285714286,0,3500.0
YMM250924-00000012,SMF87846210,"2025 첫수확 노지감귤 가정용 3kg, 5kg",로얄과,10.0,1,35000.0,23000.0,12000,0.34285714285714286,0,3500.0
YMM250924-00000013,SMF87846210,"2025 첫수확 노지감귤 가정용 3kg, 5kg",로얄과,10.0,1,35000.0,23000.0,12000,0.34285714285714286,0,3500.0
YMM250924-00000014,SMF87846210,"2025 첫수확 노지감귤 가정용 3kg, 5kg",로얄과,10.0,1,35000.0,23000.0,12000,0.34285714285714286,0,3500.0
YMM250924-00000015,SMF87846210,"2025 첫수확 노지감귤 가정용 3kg, 5kg",로얄과,5.0,1,24000.0,13300.0,10700,0.44583333333333336,0,4800.0
YMM250924-00000016,SMF87846210,"2025 첫수확 노지감귤 가정용 3kg, 5kg",로얄과,5.0,1,24000.0,13300.0,10700,0.44583333333333336,0,4800.0
YMM250924-00000017,SMF87846210,"2025 첫수확 노지감귤 가정용 3kg, 5kg",로얄과,5.0,1,24000.0,13300.0,10700,0.44583333333333336,0,4800.0
YMM250924-00000018,SMF29718566,제주 산지직송 황금향 선물세트 가정용,중대과,5.0,1,54000.0,40000.0,14000,0.25925925925925924,0,10800.0
YMM250924-00000019,SMF87846210,"2025 첫수확 노지감귤 가정용 3kg, 5kg",소과,3.0,1,17000.0,8800.0,8200,0.4823529411764706,0,5666.666666666667
YMM250924-00000022,SMF29718566,제주 산지직송 황금향 선물세트 가정용,중대과,5.0,1,54000.0,40000.0,14000,0.25925925925925924,0,10800.0
YMM250924-00000023,SMF29718566,제주 산지직송 황금향 선물세트 가정용,중대과,5.0,1,54000.0,40000.0,14000,0.25925925925925924,0,10800.0
YMM250924-00000024,SMF29718566,제주 산지직송 황금향 선물세트 가정용,중대과,5.0,1,54000.0,40000.0,14000,0.25925925925925924,0,10800.0
YMM250924-00000025,SMF29718566,제주 산지직송 황금향 선물세트 가정용,중대과,5.0,1,54000.0,40000.0,14000,0.25925925925925924,0,10800.0
YMM250924-00000026,SMF29718566,제주 산지직송 황금향 선물세트 가정용,중대과,5.0,1,54000.0,40000.0,14000,0.25925925925925924,0,10800.0
YMM250924-00000027,SMF29718566,제주 산지직송 황금향 선물세트 가정용,중대과,5.0,1,54000.0,40000.0,14000,0.25925925925925924,0,10800.0
YMM250924-00000028,SMF29718566,제주 산지직송 황금향 선물세트 가정용,중대과,5.0,1,54000.0,40000.0,14000,0.25925925925925924,0,10800.0
YMM250924-00000029,SMF29718566,제주 산지직송 황금향 선물세트 가정용,중대과,5.0,1,54000.0,40000.0,14000,0.25925925925925924,0,10800.0
YMM250924-00000030,SMF29718566,제주 산지직송 황금향 선물세트 가정용,중대과,5.0,1,54000.0,40000.0,14000,0.25925925925925924,0,10800.0
YMM250924-00000031,SMF29718566,제주 산지직송 황금향 선물세트 가정용,중대과,5.0,1,54000.0,40000.0,14000,0.25925925925925924,0,10800.0
YMM250924-00000032,SMF29718566,제주 산지직송 황금향 선물세트 가정용,중대과,5.0,1,54000.0,40000.0,14000,0.25925925925925924,0,10800.0
YMM250924-00000033,SMF29718566,제주 산지직송 황금향 선물세트 가정용,중대과,5.0,1,54000.0,40000.0,14000,0.25925925925925924,0,10800.0
YMM250924-00000034,SMF29718566,제주 산지직송 황금향 선물세트 가정용,중대과,5.0,1,54000.0,40000.0,14000,0.25925925925925924,0,10800.0
YMM250924-00000035,SMF24654511,"제주 산지직송 황금향 선물세트 가정용 2kg, 3kg, 5kg",소과,3.0,1,32000.0,15800.0,16200,0.50625,0,10666.666666666666
YMM250924-00000036,SMF24654511,"제주 산지직송 황금향 선물세트 가정용 2kg, 3kg, 5kg",중대과,3.0,1,37000.0,25000.0,12000,0.32432432432432434,0,12333.333333333334
YMM250924-00000037,SMF29718566,제주 산지직송 황금향 선물세트 가정용,중대과,5.0,1,54000.0,40000.0,14000,0.25925925925925924,0,10800.0
YMM250924-00000038,SMF29718566,제주 산지직송 황금향 선물세트 가정용,중대과,5.0,1,54000.0,40000.0,14000,0.25925925925925924,0,10800.0
YMM250924-00000039,SMF29718566,제주 산지직송 황금향 선물세트 가정용,중대과,5.0,1,54000.0,40000.0,14000,0.25925925925925924,0,10800.0
YMM250924-00000040,SMF29718566,제주 산지직송 황금향 선물세트 가정용,중대과,3.0,1,39000.0,25000.0,14000,0.358974358974359,0,13000.0
YMM250924-00000041,SMF29718566,제주 산지직송 황금향 선물세트 가정용,중대과,3.0,1,39000.0,25000.0,14000,0.358974358974359,0,13000.0
YMM250924-00000042,SMF29718566,제주 산지직송 황금향 선물세트 가정용,중대과,3.0,1,39000.0,25000.0,14000,0.358974358974359,0,13000.0
YMM250924-00000043,SMF29718566,제주 산지직송 황금향 선물세트 가정용,중대과,3.0,1,39000.0,25000.0,14000,0.358974358974359,0,13000.0
YMM250924-00000044,SMF29718566,제주 산지직송 황금향 선물세트 가정용,중대과,3.0,1,39000.0,25000.0,14000,0.358974358974359,0,13000.0
YMM250924-00000045,SMF29718566,제주 산지직송 황금향 선물세트 가정용,중대과,3.0,1,39000.0,25000.0,14000,0.358974358974359,0,13000.0
YMM250924-00000046,SMF29718566,제주 산지직송 황금향 선물세트 가정용,중대과,3.0,1,39000.0,25000.0,14000,0.358974358974359,0,13000.0
YMM250924-00000047,SMF29718566,제주 산지직송 황금향 선물세트 가정용,중대과,3.0,1,39000.0,25000.0,14000,0.358974358974359,0,13000.0
YMM250924-00000048,SMF29718566,제주 산지직송 황금향 선물세트 가정용,중대과,3.0,1,39000.0,25000.0,14000,0.358974358974359,0,13000.0
YMM250924-00000049,SMF87846210,"2025 첫수확 노지감귤 가정용 3kg, 5kg",로얄과,10.0,1,35000.0,23000.0,12000,0.34285714285714286,0,3500.0
YMM250924-00000050,SMF29718566,제주 산지직송 황금향 선물세트 가정용,중대과,3.0,1,39000.0,25000.0,14000,0.358974358974359,0,13000.0
YMM250924-00000051,SMF24654511,"제주 산지직송 황금향 선물세트 가정용 2kg, 3kg, 5kg",중대과,5.0,1,52000.0,40000.0,12000,0.23076923076923078,0,10400.0
YMM250924-00000052,SMF29718566,제주 산지직송 황금향 선물세트 가정용,소과,3.0,1,32000.0,15800.0,16200,0.50625,0,10666.666666666666
YMM250924-00000053,SMF29718566,제주 산지직송 황금향 선물세트 가정용,소과,3.0,1,32000.0,15800.0,16200,0.50625,0,10666.666666666666
YMM250924-00000054,SMF29718566,제주 산지직송 황금향 선물세트 가정용,소과,3.0,1,32000.0,15800.0,16200,0.50625,0,10666.666666666666
YMM250924-00000055,SMF87846210,"2025 첫수확 노지감귤 가정용 3kg, 5kg",소과,3.0,2,17000.0,8800.0,16400,0.4823529411764706,0,11333.333333333334
YMM250924-00000056,SMF29718566,제주 산지직송 황금향 선물세트 가정용,소과,3.0,1,32000.0,15800.0,16200,0.50625,0,10666.666666666666
YMM250924-00000057,SMF87846210,"2025 첫수확 노지감귤 가정용 3kg, 5kg",소과,3.0,1,17000.0,8800.0,8200,0.4823529411764706,0,5666.666666666667
YMM250924-00000058,SMF87846210,"2025 첫수확 노지감귤 가정용 3kg, 5kg",로얄과,5.0,1,24000.0,13300.0,10700,0.44583333333333336,0,4800.0
YMM250924-00000059,SMF87846210,"2025 첫수확 노지감귤 가정용 3kg, 5kg",로얄과,5.0,1,24000.0,13300.0,10700,0.44583333333333336,0,4800.0
YMM250924-00000060,SMF87846210,"2025 첫수확 노지감귤 가정용 3kg, 5kg",소과,3.0,1,17000.0,8800.0,8200,0.4823529411764706,0,5666.666666666667
YMM250924-00000062,SMF29718566,제주 산지직송 황금향 선물세트 가정용,중대과,3.0,1,39000.0,25000.0,14000,0.358974358974359,0,13000.0
YMM250924-00000063,SMF29718566,제주 산지직송 황금향 선물세트 가정용,중대과,3.0,1,39000.0,25000.0,14000,0.358974358974359,0,13000.0
YMM250924-00000064,SMF29718566,제주 산지직송 황금향 선물세트 가정용,중대과,3.0,1,39000.0,25000.0,14000,0.358974358974359,0,13000.0
YMM250924-00000065,SMF29718566,제주 산지직송 황금향 선물세트 가정용,중대과,3.0,1,39000.0,25000.0,14000,0.358974358974359,0,13000.0
YMM250924-00000066,SMF29718566,제주 산지직송 황금향 선물세트 가정용,중대과,3.0,1,39000.0,25000.0,14000,0.358974358974359,0,13000.0
YMM250924-00000067,SMF29718566,제주 산지직송 황금향 선물세트 가정용,중대과,3.0,1,39000.0,25000.0,14000,0.358974358974359,0,13000.0
YMM250924-00000068,SMF29718566,제주 산지직송 황금향 선물세트 가정용,중대과,3.0,1,39000.0,25000.0,14000,0.358974358974359,0,13000.0
YMM250924-00000069,SMF29718566,제주 산지직송 황금향 선물세트 가정용,중대과,3.0,1,39000.0,25000.0,14000,0.358974358974359,0,13000.0
YMM250924-00000073,SMF29718566,제주 산지직송 황금향 선물세트 가정용,소과,5.0,1,42000.0,25000.0,17000,0.40476190476190477,0,8400.0
YMM250924-00000074,SMF29718566,제주 산지직송 황금향 선물세트 가정용,소과,5.0,1,42000.0,25000.0,17000,0.40476190476190477,0,8400.0
YMM250924-00000075,SMF29718566,제주 산지직송 황금향 선물세트 가정용,소과,5.0,1,42000.0,25000.0,17000,0.40476190476190477,0,8400.0
YMM250924-00000076,SMF29718566,제주 산지직송 황금향 선물세트 가정용,소과,5.0,1,42000.0,25000.0,17000,0.40476190476190477,0,8400.0
YMM250924-00000077,SMF87846210,"2025 첫수확 노지감귤 가정용 3kg, 5kg",소과,5.0,2,24000.0,13300.0,21400,0.44583333333333336,0,9600.0
YMM250924-00000078,SMF24654511,"제주 산지직송 황금향 선물세트 가정용 2kg, 3kg, 5kg",중대과,5.0,1,52000.0,40000.0,12000,0.23076923076923078,0,10400.0
YMM250924-00000079,SMF24654511,"제주 산지직송 황금향 선물세트 가정용 2kg, 3kg, 5kg",중대과,3.0,1,37000.0,25000.0,12000,0.32432432432432434,0,12333.333333333334
YMM250924-00000080,SMF29718566,제주 산지직송 황금향 선물세트 가정용,중대과,5.0,11,54000.0,40000.0,154000,0.25925925925925924,0,118800.0
YMM250924-00000081,SMF29718566,제주 산지직송 황금향 선물세트 가정용,소과,5.0,1,42000.0,25000.0,17000,0.40476190476190477,0,8400.0
YMM250924-00000084,SMF87846210,"2025 첫수확 노지감귤 가정용 3kg, 5kg",소과,5.0,1,24000.0,13300.0,10700,0.44583333333333336,0,4800.0
YMM250925-00000001,SMF29718566,제주 산지직송 황금향 선물세트 가정용,중대과,3.0,1,39000.0,25000.0,14000,0.358974358974359,0,13000.0
YMM250925-00000002,SMF82923688,"제주 산지직송 하우스감귤 2kg, 4kg, 4.5kg 소과 로얄과 중대과",로얄과,4.5,1,50000.0,30000.0,20000,0.4,0,11111.111111111111
YMM250925-00000003,SMF82923688,"제주 산지직송 하우스감귤 2kg, 4kg, 4.5kg 소과 로얄과 중대과",로얄과,4.5,1,50000.0,30000.0,20000,0.4,0,11111.111111111111
YMM250925-00000004,SMF87846210,"2025 첫수확 노지감귤 가정용 3kg, 5kg",소과,3.0,1,17000.0,8800.0,8200,0.4823529411764706,0,5666.666666666667
YMM250925-00000005,SMF24654511,"제주 산지직송 황금향 선물세트 가정용 2kg, 3kg, 5kg",중대과,3.0,1,37000.0,25000.0,12000,0.32432432432432434,0,12333.333333333334
YMM250925-00000006,SMF29718566,제주 산지직송 황금향 선물세트 가정용,중대과,5.0,1,54000.0,40000.0,14000,0.25925925925925924,0,10800.0
YMM250925-00000007,SMF68590571,제주 산지직송 하우스감귤,일반,2.0,1,18000.0,16000.0,2000,0.1111111111111111,1,9000.0
YMM250925-00000010,SMF87846210,"2025 첫수확 노지감귤 가정용 3kg, 5kg",로얄과,3.0,10,17000.0,8800.0,82000,0.4823529411764706,0,56666.666666666664
YMM250925-00000011,SMF87846210,"2025 첫수확 노지감귤 가정용 3kg, 5kg",로얄과,10.0,1,35000.0,23000.0,12000,0.34285714285714286,0,3500.0
YMM250925-00000012,SMF87846210,"2025 첫수확 노지감귤 가정용 3kg, 5kg",로얄과,10.0,1,35000.0,23000.0,12000,0.34285714285714286,0,3500.0
YMM250925-00000016,SMF29718566,제주 산지직송 황금향 선물세트 가정용,소과,3.0,1,32000.0,15800.0,16200,0.50625,0,10666.666666666666
YMM250925-00000021,SMF87846210,"2025 첫수확 노지감귤 가정용 3kg, 5kg",소과,5.0,1,24000.0,13300.0,10700,0.44583333333333336,0,4800.0
YMM250925-00000022,SMF87846210,"2025 첫수확 노지감귤 가정용 3kg, 5kg",로얄과,10.0,1,35000.0,23000.0,12000,0.34285714285714286,0,3500.0
YMM250925-00000023,SMF24654511,"제주 산지직송 황금향 선물세트 가정용 2kg, 3kg, 5kg",중대과,3.0,1,37000.0,25000.0,12000,0.32432432432432434,0,12333.333333333334
YMM250925-00000024,SMF24654511,"제주 산지직송 황금향 선물세트 가정용 2kg, 3kg, 5kg",중대과,3.0,1,37000.0,25000.0,12000,0.32432432432432434,0,12333.333333333334
YMM250925-00000025,SMF24654511,"제주 산지직송 황금향 선물세트 가정용 2kg, 3kg, 5kg",중대과,5.0,1,52000.0,40000.0,12000,0.23076923076923078,0,10400.0
YMM250925-00000026,SMF24654511,"제주 산지직송 황금향 선물세트 가정용 2kg, 3kg, 5kg",중대과,3.0,3,25333.333333333332,16666.666666666668,26000,0.34210526315789475,0,25333.333333333332
YMM250925-00000027,SMF87846210,"2025 첫수확 노지감귤 가정용 3kg, 5kg",소과,5.0,1,24000.0,13300.0,10700,0.44583333333333336,0,4800.0
YMM250925-00000031,SMF29718566,제주 산지직송 황금향 선물세트 가정용,중대과,5.0,9,42333.333333333336,28333.333333333332,126000,0.33070866141732286,0,76200.0
YMM250925-00000032,SMF29718566,제주 산지직송 황금향 선물세트 가정용,중대과,5.0,1,54000.0,40000.0,14000,0.25925925925925924,0,10800.0
YMM250925-00000033,SMF29718566,제주 산지직송 황금향 선물세트 가정용,중대과,5.0,1,54000.0,40000.0,14000,0.25925925925925924,0,10800.0
YMM250925-00000034,SMF29718566,제주 산지직송 황금향 선물세트 가정용,중대과,5.0,1,54000.0,40000.0,14000,0.25925925925925924,0,10800.0
YMM250925-00000035,SMF29718566,제주 산지직송 황금향 선물세트 가정용,중대과,5.0,1,54000.0,40000.0,14000,0.25925925925925924,0,10800.0
YMM250925-00000036,SMF29718566,제주 산지직송 황금향 선물세트 가정용,중대과,5.0,1,54000.0,40000.0,14000,0.25925925925925924,0,10800.0
YMM250925-00000037,SMF87846210,"2025 첫수확 노지감귤 가정용 3kg, 5kg",로얄과,5.0,1,24000.0,13300.0,10700,0.44583333333333336,0,4800.0
YMM250925-00000038,SMF29718566,제주 산지직송 황금향 선물세트 가정용,중대과,5.0,1,54000.0,40000.0,14000,0.25925925925925924,0,10800.0
YMM250925-00000039,SMF87846210,"2025 첫수확 노지감귤 가정용 3kg, 5kg",로얄과,10.0,1,35000.0,23000.0,12000,0.34285714285714286,0,3500.0
YMM250925-00000041,SMF87846210,"2025 첫수확 노지감귤 가정용 3kg, 5kg",소과,5.0,1,24000.0,13300.0,10700,0.44583333333333336,0,4800.0
YMM250925-00000042,SMF87846210,"2025 첫수확 노지감귤 가정용 3kg, 5kg",소과,3.0,1,17000.0,8800.0,8200,0.4823529411764706,0,5666.666666666667
YMM250925-00000043,SMF87846210,"2025 첫수확 노지감귤 가정용 3kg, 5kg",로얄과,10.0,1,35000.0,23000.0,12000,0.34285714285714286,0,3500.0
YMM250925-00000044,SMF87846210,"2025 첫수확 노지감귤 가정용 3kg, 5kg",로얄과,3.0,1,17000.0,8800.0,8200,0.4823529411764706,0,5666.666666666667
YMM250925-00000045,SMF29718566,제주 산지직송 황금향 선물세트 가정용,소과,3.0,1,32000.0,15800.0,16200,0.50625,0,10666.666666666666
YMM250925-00000046,SMF29718566,제주 산지직송 황금향 선물세트 가정용,소과,5.0,1,42000.0,25000.0,17000,0.40476190476190477,0,8400.0
YMM250925-00000047,SMF29718566,제주 산지직송 황금향 선물세트 가정용,소과,5.0,1,42000.0,25000.0,17000,0.40476190476190477,0,8400.0
YMM250925-00000048,SMF87846210,"2025 첫수확 노지감귤 가정용 3kg, 5kg",소과,5.0,2,24000.0,13300.0,21400,0.44583333333333336,0,9600.0
YMM250925-00000051,SMF87846210,"2025 첫수확 노지감귤 가정용 3kg, 5kg",소과,3.0,1,17000.0,8800.0,8200,0.4823529411764706,0,5666.666666666667
YMM250925-00000052,SMF29718566,제주 산지직송 황금향 선물세트 가정용,중대과,3.0,2,46500.0,32500.0,28000,0.3010752688172043,0,31000.0
YMM250925-00000053,SMF87846210,"2025 첫수확 노지감귤 가정용 3kg, 5kg",소과,10.0,1,35000.0,23000.0,12000,0.34285714285714286,0,3500.0
YMM250925-00000054,SMF87846210,"2025 첫수확 노지감귤 가정용 3kg, 5kg",로얄과,5.0,1,24000.0,13300.0,10700,0.44583333333333336,0,4800.0
YMM250925-00000056,SMF87846210,"2025 첫수확 노지감귤 가정용 3kg, 5kg",로얄과,5.0,1,24000.0,13300.0,10700,0.44583333333333336,0,4800.0
YMM250925-00000057,SMF29718566,제주 산지직송 황금향 선물세트 가정용,중대과,3.0,1,39000.0,25000.0,14000,0.358974358974359,0,13000.0
YMM250925-00000058,SMF29718566,제주 산지직송 황금향 선물세트 가정용,중대과,3.0,1,39000.0,25000.0,14000,0.358974358974359,0,13000.0
YMM250925-00000059,SMF29718566,제주 산지직송 황금향 선물세트 가정용,중대과,5.0,1,54000.0,40000.0,14000,0.25925925925925924,0,10800.0
YMM250925-00000060,SMF29718566,제주 산지직송 황금향 선물세트 가정용,중대과,5.0,1,54000.0,40000.0,14000,0.25925925925925924,0,10800.0
YMM250925-00000061,SMF29718566,제주 산지직송 황금향 선물세트 가정용,중대과,5.0,1,54000.0,40000.0,14000,0.25925925925925924,0,10800.0
YMM250925-00000063,SMF87846210,"2025 첫수확 노지감귤 가정용 3kg, 5kg",소과,5.0,1,24000.0,13300.0,10700,0.44583333333333336,0,4800.0
YMM250925-00000064,SMF87846210,"2025 첫수확 노지감귤 가정용 3kg, 5kg",로얄과,3.0,1,17000.0,8800.0,8200,0.4823529411764706,0,5666.666666666667
YMM250925-00000065,SMF87846210,"2025 첫수확 노지감귤 가정용 3kg, 5kg",로얄과,3.0,1,17000.0,8800.0,8200,0.4823529411764706,0,5666.666666666667
YMM250925-00000066,SMF24654511,"제주 산지직송 황금향 선물세트 가정용 2kg, 3kg, 5kg",중대과,3.0,2,37000.0,25000.0,24000,0.32432432432432434,0,24666.666666666668
YMM250925-00000067,SMF29718566,제주 산지직송 황금향 선물세트 가정용,중대과,3.0,1,39000.0,25000.0,14000,0.358974358974359,0,13000.0
YMM250925-00000068,SMF29718566,제주 산지직송 황금향 선물세트 가정용,중대과,3.0,1,39000.0,25000.0,14000,0.358974358974359,0,13000.0
YMM250925-00000069,SMF87846210,"2025 첫수확 노지감귤 가정용 3kg, 5kg",로얄과,3.0,1,17000.0,8800.0,8200,0.4823529411764706,0,5666.666666666667
YMM250925-00000070,SMF24654511,"제주 산지직송 황금향 선물세트 가정용 2kg, 3kg, 5kg",중대과,3.0,2,19500.0,12500.0,14000,0.358974358974359,0,13000.0
YMM250925-00000071,SMF24654511,"제주 산지직송 황금향 선물세트 가정용 2kg, 3kg, 5kg",중대과,3.0,2,19500.0,12500.0,14000,0.358974358974359,0,13000.0
YMM250926-00000001,SMF29718566,제주 산지직송 황금향 선물세트 가정용,중대과,3.0,1,39000.0,25000.0,14000,0.358974358974359,0,13000.0
YMM250926-00000002,SMF87846210,"2025 첫수확 노지감귤 가정용 3kg, 5kg",소과,3.0,1,17000.0,8800.0,8200,0.4823529411764706,0,5666.666666666667
YMM250926-00000003,SMF87846210,"2025 첫수확 노지감귤 가정용 3kg, 5kg",로얄과,3.0,1,17000.0,8800.0,8200,0.4823529411764706,0,5666.666666666667
YMM250926-00000004,SMF29718566,제주 산지직송 황금향 선물세트 가정용,중대과,5.0,1,54000.0,40000.0,14000,0.25925925925925924,0,10800.0
YMM250926-00000005,SMF87846210,"2025 첫수확 노지감귤 가정용 3kg, 5kg",소과,3.0,1,17000.0,8800.0,8200,0.4823529411764706,0,5666.666666666667
YMM250926-00000006,SMF87846210,"2025 첫수확 노지감귤 가정용 3kg, 5kg",로얄과,3.0,10,17000.0,8800.0,82000,0.4823529411764706,0,56666.666666666664
YMM250926-00000008,SMF87846210,"2025 첫수확 노지감귤 가정용 3kg, 5kg",로얄과,10.0,1,35000.0,23000.0,12000,0.34285714285714286,0,3500.0
YMM250926-00000009,SMF24654511,"제주 산지직송 황금향 선물세트 가정용 2kg, 3kg, 5kg",중대과,3.0,1,37000.0,25000.0,12000,0.32432432432432434,0,12333.333333333334
YMM250926-00000010,SMF29718566,제주 산지직송 황금향 선물세트 가정용,소과,3.0,1,32000.0,15800.0,16200,0.50625,0,10666.666666666666
YMM250926-00000011,SMF87846210,"2025 첫수확 노지감귤 가정용 3kg, 5kg",로얄과,5.0,1,24000.0,13300.0,10700,0.44583333333333336,0,4800.0
YMM250926-00000012,SMF29718566,제주 산지직송 황금향 선물세트 가정용,중대과,5.0,1,54000.0,40000.0,14000,0.25925925925925924,0,10800.0
YMM250926-00000013,SMF29718566,제주 산지직송 황금향 선물세트 가정용,중대과,5.0,1,54000.0,40000.0,14000,0.25925925925925924,0,10800.0
YMM250926-00000014,SMF29718566,제주 산지직송 황금향 선물세트 가정용,중대과,5.0,1,54000.0,40000.0,14000,0.25925925925925924,0,10800.0
YMM250926-00000015,SMF29718566,제주 산지직송 황금향 선물세트 가정용,중대과,5.0,1,54000.0,40000.0,14000,0.25925925925925924,0,10800.0
YMM250926-00000016,SMF29718566,제주 산지직송 황금향 선물세트 가정용,중대과,5.0,1,54000.0,40000.0,14000,0.25925925925925924,0,10800.0
YMM250926-00000017,SMF29718566,제주 산지직송 황금향 선물세트 가정용,중대과,5.0,1,54000.0,40000.0,14000,0.25925925925925924,0,10800.0
YMM250926-00000018,SMF87846210,"2025 첫수확 노지감귤 가정용 3kg, 5kg",소과,10.0,1,35000.0,23000.0,12000,0.34285714285714286,0,3500.0
YMM250926-00000020,SMF29718566,제주 산지직송 황금향 선물세트 가정용,중대과,5.0,1,54000.0,40000.0,14000,0.25925925925925924,0,10800.0
YMM250926-00000021,SMF29718566,제주 산지직송 황금향 선물세트 가정용,중대과,5.0,1,54000.0,40000.0,14000,0.25925925925925924,0,10800.0
YMM250926-00000022,SMF29718566,제주 산지직송 황금향 선물세트 가정용,중대과,5.0,1,54000.0,40000.0,14000,0.25925925925925924,0,10800.0
YMM250926-00000023,SMF29718566,제주 산지직송 황금향 선물세트 가정용,중대과,5.0,1,54000.0,40000.0,14000,0.25925925925925924,0,10800.0
YMM250926-00000024,SMF29718566,제주 산지직송 황금향 선물세트 가정용,중대과,5.0,1,54000.0,40000.0,14000,0.25925925925925924,0,10800.0
YMM250926-00000025,SMF87846210,"2025 첫수확 노지감귤 가정용 3kg, 5kg",로얄과,3.0,1,17000.0,8800.0,8200,0.4823529411764706,0,5666.666666666667
YMM250926-00000027,SMF87846210,"2025 첫수확 노지감귤 가정용 3kg, 5kg",로얄과,5.0,1,24000.0,13300.0,10700,0.44583333333333336,0,4800.0
YMM250927-00000003,SMF87846210,"2025 첫수확 노지감귤 가정용 3kg, 5kg",로얄과,10.0,1,35000.0,23000.0,12000,0.34285714285714286,0,3500.0
YMM250927-00000004,SMF87846210,"2025 첫수확 노지감귤 가정용 3kg, 5kg",로얄과,10.0,1,35000.0,23000.0,12000,0.34285714285714286,0,3500.0
YMM250927-00000005,SMF87846210,"2025 첫수확 노지감귤 가정용 3kg, 5kg",소과,10.0,1,35000.0,23000.0,12000,0.34285714285714286,0,3500.0
YMM250927-00000006,SMF29718566,제주 산지직송 황금향 선물세트 가정용,소과,3.0,1,32000.0,15800.0,16200,0.50625,0,10666.666666666666
YMM250927-00000007,SMF87846210,"2025 첫수확 노지감귤 가정용 3kg, 5kg",소과,3.0,1,17000.0,8800.0,8200,0.4823529411764706,0,5666.666666666667
YMM250927-00000008,SMF29718566,제주 산지직송 황금향 선물세트 가정용,소과,3.0,1,32000.0,15800.0,16200,0.50625,0,10666.666666666666
YMM250927-00000010,SMF87846210,"2025 첫수확 노지감귤 가정용 3kg, 5kg",로얄과,10.0,1,35000.0,23000.0,12000,0.34285714285714286,0,3500.0
YMM250927-00000011,SMF87846210,"2025 첫수확 노지감귤 가정용 3kg, 5kg",로얄과,10.0,1,35000.0,23000.0,12000,0.34285714285714286,0,3500.0
YMM250927-00000012,SMF24654511,"제주 산지직송 황금향 선물세트 가정용 2kg, 3kg, 5kg",소과,3.0,1,32000.0,15800.0,16200,0.50625,0,10666.666666666666
YMM250927-00000013,SMF87846210,"2025 첫수확 노지감귤 가정용 3kg, 5kg",소과,5.0,2,24000.0,13300.0,21400,0.44583333333333336,0,9600.0
YMM250927-00000014,SMF87846210,"2025 첫수확 노지감귤 가정용 3kg, 5kg",로얄과,10.0,1,35000.0,23000.0,12000,0.34285714285714286,0,3500.0
YMM250927-00000015,SMF87846210,"2025 첫수확 노지감귤 가정용 3kg, 5kg",로얄과,3.0,1,17000.0,8800.0,8200,0.4823529411764706,0,5666.666666666667
YMM250927-00000019,SMF24654511,"제주 산지직송 황금향 선물세트 가정용 2kg, 3kg, 5kg",중대과,5.0,1,52000.0,40000.0,12000,0.23076923076923078,0,10400.0
YMM250927-00000020,SMF87846210,"2025 첫수확 노지감귤 가정용 3kg, 5kg",소과,3.0,1,17000.0,8800.0,8200,0.4823529411764706,0,5666.666666666667
YMM250927-00000021,SMF24654511,"제주 산지직송 황금향 선물세트 가정용 2kg, 3kg, 5kg",중대과,5.0,1,52000.0,40000.0,12000,0.23076923076923078,0,10400.0
YMM250927-00000022,SMF24654511,"제주 산지직송 황금향 선물세트 가정용 2kg, 3kg, 5kg",소과,5.0,1,42000.0,25000.0,17000,0.40476190476190477,0,8400.0
YMM250927-00000023,SMF87846210,"2025 첫수확 노지감귤 가정용 3kg, 5kg",로얄과,5.0,1,24000.0,13300.0,10700,0.44583333333333336,0,4800.0
YMM250927-00000026,SMF29718566,제주 산지직송 황금향 선물세트 가정용,중대과,3.0,2,39000.0,25000.0,28000,0.358974358974359,0,26000.0
YMM250927-00000027,SMF87846210,"2025 첫수확 노지감귤 가정용 3kg, 5kg",소과,5.0,1,24000.0,13300.0,10700,0.44583333333333336,0,4800.0
YMM250927-00000028,SMF87846210,"2025 첫수확 노지감귤 가정용 3kg, 5kg",로얄과,3.0,3,17000.0,8800.0,24600,0.4823529411764706,0,17000.0
YMM250927-00000029,SMF87846210,"2025 첫수확 노지감귤 가정용 3kg, 5kg",로얄과,3.0,1,17000.0,8800.0,8200,0.4823529411764706,0,5666.666666666667
YMM250927-00000030,SMF87846210,"2025 첫수확 노지감귤 가정용 3kg, 5kg",로얄과,3.0,1,17000.0,8800.0,8200,0.4823529411764706,0,5666.666666666667
YMM250927-00000031,SMF87846210,"2025 첫수확 노지감귤 가정용 3kg, 5kg",로얄과,3.0,1,17000.0,8800.0,8200,0.4823529411764706,0,5666.666666666667
YMM250927-00000037,SMF87846210,"2025 첫수확 노지감귤 가정용 3kg, 5kg",소과,3.0,1,17000.0,8800.0,8200,0.4823529411764706,0,5666.666666666667
YMM250927-00000042,SMF29718566,제주 산지직송 황금향 선물세트 가정용,소과,3.0,1,32000.0,15800.0,16200,0.50625,0,10666.666666666666
YMM250927-00000043,SMF29718566,제주 산지직송 황금향 선물세트 가정용,소과,3.0,1,32000.0,15800.0,16200,0.50625,0,10666.666666666666
YMM250927-00000044,SMF87846210,"2025 첫수확 노지감귤 가정용 3kg, 5kg",소과,10.0,2,35000.0,23000.0,24000,0.34285714285714286,0,7000.0
YMM250927-00000045,SMF24654511,"제주 산지직송 황금향 선물세트 가정용 2kg, 3kg, 5kg",소과,3.0,1,32000.0,15800.0,16200,0.50625,0,10666.666666666666
YMM250927-00000046,SMF87846210,"2025 첫수확 노지감귤 가정용 3kg, 5kg",로얄과,3.0,1,17000.0,8800.0,8200,0.4823529411764706,0,5666.666666666667
YMM250927-00000047,SMF87846210,"2025 첫수확 노지감귤 가정용 3kg, 5kg",로얄과,5.0,5,24000.0,13300.0,53500,0.44583333333333336,0,24000.0
YMM250927-00000048,SMF87846210,"2025 첫수확 노지감귤 가정용 3kg, 5kg",소과,5.0,1,24000.0,13300.0,10700,0.44583333333333336,0,4800.0
YMM250927-00000049,SMF87846210,"2025 첫수확 노지감귤 가정용 3kg, 5kg",로얄과,10.0,1,35000.0,23000.0,12000,0.34285714285714286,0,3500.0
YMM250927-00000050,SMF87846210,"2025 첫수확 노지감귤 가정용 3kg, 5kg",로얄과,10.0,1,35000.0,23000.0,12000,0.34285714285714286,0,3500.0
YMM250927-00000051,SMF87846210,"2025 첫수확 노지감귤 가정용 3kg, 5kg",소과,5.0,1,24000.0,13300.0,10700,0.44583333333333336,0,4800.0
YMM250927-00000052,SMF87846210,"2025 첫수확 노지감귤 가정용 3kg, 5kg",소과,5.0,1,24000.0,13300.0,10700,0.44583333333333336,0,4800.0
YMM250927-00000053,SMF29718566,제주 산지직송 황금향 선물세트 가정용,소과,3.0,1,32000.0,15800.0,16200,0.50625,0,10666.666666666666
YMM250927-00000054,SMF87846210,"2025 첫수확 노지감귤 가정용 3kg, 5kg",로얄과,5.0,1,24000.0,13300.0,10700,0.44583333333333336,0,4800.0
YMM250927-00000055,SMF87846210,"2025 첫수확 노지감귤 가정용 3kg, 5kg",로얄과,10.0,1,35000.0,23000.0,12000,0.34285714285714286,0,3500.0
YMM250927-00000056,SMF35967612,초고당도 감귤 신품종[유라실생] 4.5kg(실중량4kg),소과,4.5,1,35000.0,25000.0,10000,0.2857142857142857,0,7777.777777777777
YMM250927-00000057,SMF35967612,초고당도 감귤 신품종[유라실생] 4.5kg(실중량4kg),소과,4.5,1,35000.0,25000.0,10000,0.2857142857142857,0,7777.777777777777
YMM250927-00000058,SMF35967612,초고당도 감귤 신품종[유라실생] 4.5kg(실중량4kg),소과,4.5,1,35000.0,25000.0,10000,0.2857142857142857,0,7777.777777777777
YMM250927-00000059,SMF35967612,초고당도 감귤 신품종[유라실생] 4.5kg(실중량4kg),소과,4.5,1,35000.0,25000.0,10000,0.2857142857142857,0,7777.777777777777
YMM250927-00000060,SMF35967612,초고당도 감귤 신품종[유라실생] 4.5kg(실중량4kg),소과,4.5,1,35000.0,25000.0,10000,0.2857142857142857,0,7777.777777777777
YMM250927-00000061,SMF35967612,초고당도 감귤 신품종[유라실생] 4.5kg(실중량4kg),소과,4.5,1,35000.0,25000.0,10000,0.2857142857142857,0,7777.777777777777
YMM250927-00000062,SMF35967612,초고당도 감귤 신품종[유라실생] 4.5kg(실중량4kg),소과,4.5,1,35000.0,25000.0,10000,0.2857142857142857,0,7777.777777777777
YMM250927-00000065,SMF35967612,초고당도 감귤 신품종[유라실생] 4.5kg(실중량4kg),소과,4.5,1,35000.0,25000.0,10000,0.2857142857142857,0,7777.777777777777
YMM250927-00000066,SMF35967612,초고당도 감귤 신품종[유라실생] 4.5kg(실중량4kg),소과,4.5,1,35000.0,25000.0,10000,0.2857142857142857,0,7777.777777777777
YMM250928-00000001,SMF35967612,초고당도 감귤 신품종[유라실생] 4.5kg(실중량4kg),소과,4.5,1,35000.0,25000.0,10000,0.2857142857142857,0,7777.777777777777
YMM250928-00000002,SMF35967612,초고당도 감귤 신품종[유라실생] 4.5kg(실중량4kg),소과,4.5,1,35000.0,25000.0,10000,0.2857142857142857,0,7777.777777777777
YMM250928-00000004,SMF29718566,제주 산지직송 황금향 선물세트 가정용,소과,5.0,1,42000.0,25000.0,17000,0.40476190476190477,0,8400.0
YMM250928-00000005,SMF35967612,초고당도 감귤 신품종[유라실생] 4.5kg(실중량4kg),소과,4.5,1,35000.0,25000.0,10000,0.2857142857142857,0,7777.777777777777
YMM250928-00000006,SMF35967612,초고당도 감귤 신품종[유라실생] 4.5kg(실중량4kg),소과,4.5,1,35000.0,25000.0,10000,0.2857142857142857,0,7777.777777777777
YMM250928-00000007,SMF35967612,초고당도 감귤 신품종[유라실생] 4.5kg(실중량4kg),소과,4.5,1,35000.0,25000.0,10000,0.2857142857142857,0,7777.777777777777
YMM250928-00000008,SMF35967612,초고당도 감귤 신품종[유라실생] 4.5kg(실중량4kg),소과,4.5,1,35000.0,25000.0,10000,0.2857142857142857,0,7777.777777777777
YMM250928-00000012,SMF35967612,초고당도 감귤 신품종[유라실생] 4.5kg(실중량4kg),소과,4.5,1,35000.0,25000.0,10000,0.2857142857142857,0,7777.777777777777
YMM250928-00000013,SMF35967612,초고당도 감귤 신품종[유라실생] 4.5kg(실중량4kg),소과,4.5,1,35000.0,25000.0,10000,0.2857142857142857,0,7777.777777777777
YMM250928-00000014,SMF35967612,초고당도 감귤 신품종[유라실생] 4.5kg(실중량4kg),소과,4.5,3,35000.0,25000.0,30000,0.2857142857142857,0,23333.333333333332
YMM250928-00000015,SMF35967612,초고당도 감귤 신품종[유라실생] 4.5kg(실중량4kg),소과,4.5,1,35000.0,25000.0,10000,0.2857142857142857,0,7777.777777777777
YMM250928-00000016,SMF35967612,초고당도 감귤 신품종[유라실생] 4.5kg(실중량4kg),소과,4.5,1,35000.0,25000.0,10000,0.2857142857142857,0,7777.777777777777
YMM250928-00000017,SMF35967612,초고당도 감귤 신품종[유라실생] 4.5kg(실중량4kg),소과,4.5,1,35000.0,25000.0,10000,0.2857142857142857,0,7777.777777777777
YMM250928-00000018,SMF35967612,초고당도 감귤 신품종[유라실생] 4.5kg(실중량4kg),소과,4.5,1,35000.0,25000.0,10000,0.2857142857142857,0,7777.777777777777
YMM250928-00000019,SMF87846210,"2025 첫수확 노지감귤 가정용 3kg, 5kg",로얄과,10.0,1,35000.0,23000.0,12000,0.34285714285714286,0,3500.0
YMM250928-00000020,SMF35967612,초고당도 감귤 신품종[유라실생] 4.5kg(실중량4kg),소과,4.5,1,35000.0,25000.0,10000,0.2857142857142857,0,7777.777777777777
YMM250928-00000021,SMF35967612,초고당도 감귤 신품종[유라실생] 4.5kg(실중량4kg),소과,4.5,1,35000.0,25000.0,10000,0.2857142857142857,0,7777.777777777777
YMM250928-00000022,SMF87846210,"2025 첫수확 노지감귤 가정용 3kg, 5kg",로얄과,5.0,1,24000.0,13300.0,10700,0.44583333333333336,0,4800.0
YMM250928-00000023,SMF35967612,초고당도 감귤 신품종[유라실생] 4.5kg(실중량4kg),소과,7.0,1,51000.0,40000.0,11000,0.21568627450980393,0,7285.714285714285
YMM250928-00000024,SMF29718566,제주 산지직송 황금향 선물세트 가정용,소과,5.0,1,42000.0,25000.0,17000,0.40476190476190477,0,8400.0
YMM250928-00000025,SMF29718566,제주 산지직송 황금향 선물세트 가정용,소과,5.0,2,42000.0,25000.0,34000,0.40476190476190477,0,16800.0
YMM250928-00000026,SMF35967612,초고당도 감귤 신품종[유라실생] 4.5kg(실중량4kg),소과,4.5,1,35000.0,25000.0,10000,0.2857142857142857,0,7777.777777777777
YMM250928-00000027,SMF35967612,초고당도 감귤 신품종[유라실생] 4.5kg(실중량4kg),소과,4.5,1,35000.0,25000.0,10000,0.2857142857142857,0,7777.777777777777
YMM250928-00000029,SMF35967612,초고당도 감귤 신품종[유라실생] 4.5kg(실중량4kg),소과,4.5,1,35000.0,25000.0,10000,0.2857142857142857,0,7777.777777777777
YMM250928-00000030,SMF35967612,초고당도 감귤 신품종[유라실생] 4.5kg(실중량4kg),소과,4.5,1,35000.0,25000.0,10000,0.2857142857142857,0,7777.777777777777
YMM250928-00000032,SMF87846210,"2025 첫수확 노지감귤 가정용 3kg, 5kg",로얄과,3.0,12,17000.0,8800.0,98400,0.4823529411764706,0,68000.0
YMM250928-00000033,SMF35967612,초고당도 감귤 신품종[유라실생] 4.5kg(실중량4kg),소과,4.5,1,35000.0,25000.0,10000,0.2857142857142857,0,7777.777777777777
YMM250928-00000034,SMF35967612,초고당도 감귤 신품종[유라실생] 4.5kg(실중량4kg),소과,4.5,1,35000.0,25000.0,10000,0.2857142857142857,0,7777.777777777777
YMM250928-00000035,SMF87846210,"2025 첫수확 노지감귤 가정용 3kg, 5kg",로얄과,10.0,1,35000.0,23000.0,12000,0.34285714285714286,0,3500.0
YMM250928-00000036,SMF35967612,초고당도 감귤 신품종[유라실생] 4.5kg(실중량4kg),소과,4.5,1,35000.0,25000.0,10000,0.2857142857142857,0,7777.777777777777
YMM250928-00000037,SMF82923688,"제주 산지직송 하우스감귤 2kg, 4kg, 4.5kg 소과 로얄과 중대과",로얄과,2.0,2,24000.0,16000.0,16000,0.3333333333333333,1,24000.0
YMM250928-00000038,SMF35967612,초고당도 감귤 신품종[유라실생] 4.5kg(실중량4kg),소과,4.5,1,35000.0,25000.0,10000,0.2857142857142857,0,7777.777777777777
YMM250928-00000039,SMF35967612,초고당도 감귤 신품종[유라실생] 4.5kg(실중량4kg),소과,7.0,1,51000.0,40000.0,11000,0.21568627450980393,0,7285.714285714285
YMM250928-00000041,SMF35967612,초고당도 감귤 신품종[유라실생] 4.5kg(실중량4kg),소과,4.5,1,35000.0,25000.0,10000,0.2857142857142857,0,7777.777777777777
YMM250928-00000042,SMF35967612,초고당도 감귤 신품종[유라실생] 4.5kg(실중량4kg),소과,4.5,1,35000.0,25000.0,10000,0.2857142857142857,0,7777.777777777777
YMM250928-00000043,SMF29718566,제주 산지직송 황금향 선물세트 가정용,소과,3.0,4,32000.0,15800.0,64800,0.50625,0,42666.666666666664
YMM250928-00000044,SMF35967612,초고당도 감귤 신품종[유라실생] 4.5kg(실중량4kg),소과,4.5,1,35000.0,25000.0,10000,0.2857142857142857,0,7777.777777777777
YMM250928-00000046,SMF35967612,초고당도 감귤 신품종[유라실생] 4.5kg(실중량4kg),소과,4.5,1,35000.0,25000.0,10000,0.2857142857142857,0,7777.777777777777
YMM250928-00000047,SMF35967612,초고당도 감귤 신품종[유라실생] 4.5kg(실중량4kg),소과,4.5,1,35000.0,25000.0,10000,0.2857142857142857,0,7777.777777777777
YMM250928-00000048,SMF29718566,제주 산지직송 황금향 선물세트 가정용,중대과,3.0,1,39000.0,25000.0,14000,0.358974358974359,0,13000.0
YMM250928-00000049,SMF29718566,제주 산지직송 황금향 선물세트 가정용,중대과,5.0,1,54000.0,40000.0,14000,0.25925925925925924,0,10800.0
YMM250928-00000050,SMF35967612,초고당도 감귤 신품종[유라실생] 4.5kg(실중량4kg),소과,4.5,1,35000.0,25000.0,10000,0.2857142857142857,0,7777.777777777777
YMM250928-00000051,SMF35967612,초고당도 감귤 신품종[유라실생] 4.5kg(실중량4kg),소과,4.5,1,35000.0,25000.0,10000,0.2857142857142857,0,7777.777777777777
YMM250928-00000052,SMF87846210,"2025 첫수확 노지감귤 가정용 3kg, 5kg",로얄과,10.0,1,35000.0,23000.0,12000,0.34285714285714286,0,3500.0
YMM250928-00000053,SMF87846210,"2025 첫수확 노지감귤 가정용 3kg, 5kg",로얄과,5.0,1,24000.0,13300.0,10700,0.44583333333333336,0,4800.0
YMM250928-00000054,SMF87846210,"2025 첫수확 노지감귤 가정용 3kg, 5kg",로얄과,10.0,1,35000.0,23000.0,12000,0.34285714285714286,0,3500.0
YMM250928-00000055,SMF35967612,초고당도 감귤 신품종[유라실생] 4.5kg(실중량4kg),소과,4.5,1,35000.0,25000.0,10000,0.2857142857142857,0,7777.777777777777
YMM250928-00000057,SMF35967612,초고당도 감귤 신품종[유라실생] 4.5kg(실중량4kg),소과,4.5,1,35000.0,25000.0,10000,0.2857142857142857,0,7777.777777777777
YMM250928-00000058,SMF35967612,초고당도 감귤 신품종[유라실생] 4.5kg(실중량4kg),소과,4.5,1,35000.0,25000.0,10000,0.2857142857142857,0,7777.777777777777
YMM250928-00000059,SMF35967612,초고당도 감귤 신품종[유라실생] 4.5kg(실중량4kg),소과,4.5,1,35000.0,25000.0,10000,0.2857142857142857,0,7777.777777777777
YMM250928-00000060,SMF35967612,초고당도 감귤 신품종[유라실생] 4.5kg(실중량4kg),소과,4.5,1,35000.0,25000.0,10000,0.2857142857142857,0,7777.777777777777
YMM250928-00000061,SMF35967612,초고당도 감귤 신품종[유라실생] 4.5kg(실중량4kg),소과,4.5,1,35000.0,25000.0,10000,0.2857142857142857,0,7777.777777777777
YMM250928-00000062,SMF35967612,초고당도 감귤 신품종[유라실생] 4.5kg(실중량4kg),소과,4.5,1,35000.0,25000.0,10000,0.2857142857142857,0,7777.777777777777
YMM250928-00000063,SMF35967612,초고당도 감귤 신품종[유라실생] 4.5kg(실중량4kg),소과,4.5,1,35000.0,25000.0,10000,0.2857142857142857,0,7777.777777777777
YMM250928-00000064,SMF35967612,초고당도 감귤 신품종[유라실생] 4.5kg(실중량4kg),소과,7.0,1,51000.0,40000.0,11000,0.21568627450980393,0,7285.714285714285
YMM250928-00000065,SMF29718566,제주 산지직송 황금향 선물세트 가정용,소과,3.0,1,32000.0,15800.0,16200,0.50625,0,10666.666666666666
YMM250928-00000066,SMF35967612,초고당도 감귤 신품종[유라실생] 4.5kg(실중량4kg),소과,7.0,1,51000.0,40000.0,11000,0.21568627450980393,0,7285.714285714285
YMM250928-00000067,SMF35967612,초고당도 감귤 신품종[유라실생] 4.5kg(실중량4kg),소과,4.5,1,35000.0,25000.0,10000,0.2857142857142857,0,7777.777777777777
YMM250928-00000068,SMF35967612,초고당도 감귤 신품종[유라실생] 4.5kg(실중량4kg),소과,4.5,1,35000.0,25000.0,10000,0.2857142857142857,0,7777.777777777777
YMM250928-00000069,SMF35967612,초고당도 감귤 신품종[유라실생] 4.5kg(실중량4kg),소과,4.5,1,35000.0,25000.0,10000,0.2857142857142857,0,7777.777777777777
YMM250928-00000070,SMF35967612,초고당도 감귤 신품종[유라실생] 4.5kg(실중량4kg),소과,7.0,2,43000.0,32500.0,21000,0.2441860465116279,0,12285.714285714286
YMM250928-00000071,SMF87846210,"2025 첫수확 노지감귤 가정용 3kg, 5kg",소과,3.0,1,17000.0,8800.0,8200,0.4823529411764706,0,5666.666666666667
YMM250928-00000072,SMF35967612,초고당도 감귤 신품종[유라실생] 4.5kg(실중량4kg),소과,4.5,1,35000.0,25000.0,10000,0.2857142857142857,0,7777.777777777777
YMM250928-00000073,SMF35967612,초고당도 감귤 신품종[유라실생] 4.5kg(실중량4kg),소과,4.5,1,35000.0,25000.0,10000,0.2857142857142857,0,7777.777777777777
YMM250928-00000074,SMF35967612,초고당도 감귤 신품종[유라실생] 4.5kg(실중량4kg),소과,4.5,1,35000.0,25000.0,10000,0.2857142857142857,0,7777.777777777777
YMM250928-00000076,SMF35967612,초고당도 감귤 신품종[유라실생] 4.5kg(실중량4kg),소과,4.5,1,35000.0,25000.0,10000,0.2857142857142857,0,7777.777777777777
YMM250928-00000077,SMF35967612,초고당도 감귤 신품종[유라실생] 4.5kg(실중량4kg),소과,4.5,1,35000.0,25000.0,10000,0.2857142857142857,0,7777.777777777777
YMM250928-00000079,SMF35967612,초고당도 감귤 신품종[유라실생] 4.5kg(실중량4kg),소과,7.0,1,51000.0,40000.0,11000,0.21568627450980393,0,7285.714285714285
YMM250928-00000081,SMF35967612,초고당도 감귤 신품종[유라실생] 4.5kg(실중량4kg),소과,7.0,1,51000.0,40000.0,11000,0.21568627450980393,0,7285.714285714285
YMM250928-00000082,SMF35967612,초고당도 감귤 신품종[유라실생] 4.5kg(실중량4kg),소과,7.0,1,51000.0,40000.0,11000,0.21568627450980393,0,7285.714285714285
YMM250928-00000083,SMF35967612,초고당도 감귤 신품종[유라실생] 4.5kg(실중량4kg),소과,4.5,1,35000.0,25000.0,10000,0.2857142857142857,0,7777.777777777777
YMM250928-00000084,SMF35967612,초고당도 감귤 신품종[유라실생] 4.5kg(실중량4kg),소과,4.5,1,35000.0,25000.0,10000,0.2857142857142857,0,7777.777777777777
YMM250928-00000085,SMF35967612,초고당도 감귤 신품종[유라실생] 4.5kg(실중량4kg),소과,4.5,1,35000.0,25000.0,10000,0.2857142857142857,0,7777.777777777777
YMM250928-00000086,SMF35967612,초고당도 감귤 신품종[유라실생] 4.5kg(실중량4kg),소과,7.0,1,51000.0,40000.0,11000,0.21568627450980393,0,7285.714285714285
YMM250928-00000089,SMF35967612,초고당도 감귤 신품종[유라실생] 4.5kg(실중량4kg),소과,4.5,1,35000.0,25000.0,10000,0.2857142857142857,0,7777.777777777777
YMM250928-00000090,SMF35967612,초고당도 감귤 신품종[유라실생] 4.5kg(실중량4kg),소과,7.0,1,51000.0,40000.0,11000,0.21568627450980393,0,7285.714285714285
YMM250928-00000093,SMF35967612,초고당도 감귤 신품종[유라실생] 4.5kg(실중량4kg),소과,7.0,1,51000.0,40000.0,11000,0.21568627450980393,0,7285.714285714285
YMM250928-00000094,SMF35967612,초고당도 감귤 신품종[유라실생] 4.5kg(실중량4kg),소과,4.5,1,35000.0,25000.0,10000,0.2857142857142857,0,7777.777777777777
YMM250928-00000095,SMF35967612,초고당도 감귤 신품종[유라실생] 4.5kg(실중량4kg),소과,4.5,1,35000.0,25000.0,10000,0.2857142857142857,0,7777.777777777777
YMM250928-00000097,SMF87846210,"2025 첫수확 노지감귤 가정용 3kg, 5kg",로얄과,10.0,1,35000.0,23000.0,12000,0.34285714285714286,0,3500.0
YMM250928-00000098,SMF35967612,초고당도 감귤 신품종[유라실생] 4.5kg(실중량4kg),소과,7.0,1,51000.0,40000.0,11000,0.21568627450980393,0,7285.714285714285
YMM250928-00000099,SMF35967612,초고당도 감귤 신품종[유라실생] 4.5kg(실중량4kg),소과,4.5,1,35000.0,25000.0,10000,0.2857142857142857,0,7777.777777777777
YMM250928-00000101,SMF35967612,초고당도 감귤 신품종[유라실생] 4.5kg(실중량4kg),소과,4.5,1,35000.0,25000.0,10000,0.2857142857142857,0,7777.777777777777
YMM250928-00000102,SMF87846210,"2025 첫수확 노지감귤 가정용 3kg, 5kg",소과,5.0,1,24000.0,13300.0,10700,0.44583333333333336,0,4800.0
YMM250928-00000103,SMF35967612,초고당도 감귤 신품종[유라실생] 4.5kg(실중량4kg),소과,4.5,1,35000.0,25000.0,10000,0.2857142857142857,0,7777.777777777777
YMM250928-00000104,SMF35967612,초고당도 감귤 신품종[유라실생] 4.5kg(실중량4kg),소과,4.5,1,35000.0,25000.0,10000,0.2857142857142857,0,7777.777777777777
YMM250928-00000105,SMF35967612,초고당도 감귤 신품종[유라실생] 4.5kg(실중량4kg),소과,4.5,1,35000.0,25000.0,10000,0.2857142857142857,0,7777.777777777777
YMM250928-00000106,SMF35967612,초고당도 감귤 신품종[유라실생] 4.5kg(실중량4kg),소과,4.5,1,35000.0,25000.0,10000,0.2857142857142857,0,7777.777777777777
YMM250928-00000107,SMF35967612,초고당도 감귤 신품종[유라실생] 4.5kg(실중량4kg),소과,4.5,1,35000.0,25000.0,10000,0.2857142857142857,0,7777.777777777777
YMM250928-00000108,SMF35967612,초고당도 감귤 신품종[유라실생] 4.5kg(실중량4kg),소과,7.0,1,51000.0,40000.0,11000,0.21568627450980393,0,7285.714285714285
YMM250928-00000109,SMF35967612,초고당도 감귤 신품종[유라실생] 4.5kg(실중량4kg),소과,4.5,1,35000.0,25000.0,10000,0.2857142857142857,0,7777.777777777777
YMM250928-00000110,SMF35967612,초고당도 감귤 신품종[유라실생] 4.5kg(실중량4kg),소과,4.5,1,35000.0,25000.0,10000,0.2857142857142857,0,7777.777777777777
YMM250928-00000112,SMF35967612,초고당도 감귤 신품종[유라실생] 4.5kg(실중량4kg),소과,4.5,1,35000.0,25000.0,10000,0.2857142857142857,0,7777.777777777777
YMM250928-00000114,SMF35967612,초고당도 감귤 신품종[유라실생] 4.5kg(실중량4kg),소과,4.5,1,35000.0,25000.0,10000,0.2857142857142857,0,7777.777777777777
YMM250928-00000115,SMF35967612,초고당도 감귤 신품종[유라실생] 4.5kg(실중량4kg),소과,7.0,1,51000.0,40000.0,11000,0.21568627450980393,0,7285.714285714285
YMM250928-00000116,SMF35967612,초고당도 감귤 신품종[유라실생] 4.5kg(실중량4kg),소과,4.5,1,35000.0,25000.0,10000,0.2857142857142857,0,7777.777777777777
YMM250928-00000117,SMF35967612,초고당도 감귤 신품종[유라실생] 4.5kg(실중량4kg),소과,7.0,1,51000.0,40000.0,11000,0.21568627450980393,0,7285.714285714285
YMM250928-00000118,SMF35967612,초고당도 감귤 신품종[유라실생] 4.5kg(실중량4kg),소과,4.5,2,35000.0,25000.0,20000,0.2857142857142857,0,15555.555555555555
YMM250928-00000119,SMF35967612,초고당도 감귤 신품종[유라실생] 4.5kg(실중량4kg),소과,4.5,1,35000.0,25000.0,10000,0.2857142857142857,0,7777.777777777777
YMM250928-00000120,SMF35967612,초고당도 감귤 신품종[유라실생] 4.5kg(실중량4kg),소과,4.5,1,35000.0,25000.0,10000,0.2857142857142857,0,7777.777777777777
YMM250928-00000123,SMF35967612,초고당도 감귤 신품종[유라실생] 4.5kg(실중량4kg),소과,4.5,1,35000.0,25000.0,10000,0.2857142857142857,0,7777.777777777777
YMM250928-00000124,SMF35967612,초고당도 감귤 신품종[유라실생] 4.5kg(실중량4kg),소과,4.5,1,35000.0,25000.0,10000,0.2857142857142857,0,7777.777777777777
YMM250928-00000125,SMF35967612,초고당도 감귤 신품종[유라실생] 4.5kg(실중량4kg),소과,4.5,1,35000.0,25000.0,10000,0.2857142857142857,0,7777.777777777777
YMM250928-00000126,SMF35967612,초고당도 감귤 신품종[유라실생] 4.5kg(실중량4kg),소과,4.5,1,35000.0,25000.0,10000,0.2857142857142857,0,7777.777777777777
YMM250928-00000132,SMF35967612,초고당도 감귤 신품종[유라실생] 4.5kg(실중량4kg),소과,7.0,1,51000.0,40000.0,11000,0.21568627450980393,0,7285.714285714285
YMM250928-00000133,SMF35967612,초고당도 감귤 신품종[유라실생] 4.5kg(실중량4kg),소과,7.0,1,51000.0,40000.0,11000,0.21568627450980393,0,7285.714285714285
YMM250928-00000136,SMF35967612,초고당도 감귤 신품종[유라실생] 4.5kg(실중량4kg),소과,4.5,1,35000.0,25000.0,10000,0.2857142857142857,0,7777.777777777777
YMM250928-00000137,SMF35967612,초고당도 감귤 신품종[유라실생] 4.5kg(실중량4kg),소과,7.0,1,51000.0,40000.0,11000,0.21568627450980393,0,7285.714285714285
YMM250928-00000138,SMF35967612,초고당도 감귤 신품종[유라실생] 4.5kg(실중량4kg),소과,4.5,1,35000.0,25000.0,10000,0.2857142857142857,0,7777.777777777777
YMM250928-00000139,SMF35967612,초고당도 감귤 신품종[유라실생] 4.5kg(실중량4kg),소과,7.0,1,51000.0,40000.0,11000,0.21568627450980393,0,7285.714285714285
YMM250928-00000140,SMF35967612,초고당도 감귤 신품종[유라실생] 4.5kg(실중량4kg),소과,4.5,1,35000.0,25000.0,10000,0.2857142857142857,0,7777.777777777777
YMM250928-00000141,SMF35967612,초고당도 감귤 신품종[유라실생] 4.5kg(실중량4kg),소과,7.0,1,51000.0,40000.0,11000,0.21568627450980393,0,7285.714285714285
YMM250928-00000142,SMF35967612,초고당도 감귤 신품종[유라실생] 4.5kg(실중량4kg),소과,4.5,1,35000.0,25000.0,10000,0.2857142857142857,0,7777.777777777777
YMM250928-00000143,SMF35967612,초고당도 감귤 신품종[유라실생] 4.5kg(실중량4kg),소과,4.5,1,35000.0,25000.0,10000,0.2857142857142857,0,7777.777777777777
YMM250928-00000144,SMF35967612,초고당도 감귤 신품종[유라실생] 4.5kg(실중량4kg),소과,4.5,1,35000.0,25000.0,10000,0.2857142857142857,0,7777.777777777777
YMM250928-00000145,SMF35967612,초고당도 감귤 신품종[유라실생] 4.5kg(실중량4kg),소과,4.5,1,35000.0,25000.0,10000,0.2857142857142857,0,7777.777777777777
YMM250928-00000146,SMF35967612,초고당도 감귤 신품종[유라실생] 4.5kg(실중량4kg),소과,7.0,1,51000.0,40000.0,11000,0.21568627450980393,0,7285.714285714285
YMM250928-00000147,SMF35967612,초고당도 감귤 신품종[유라실생] 4.5kg(실중량4kg),소과,4.5,1,35000.0,25000.0,10000,0.2857142857142857,0,7777.777777777777
YMM250928-00000149,SMF35967612,초고당도 감귤 신품종[유라실생] 4.5kg(실중량4kg),소과,4.5,1,35000.0,25000.0,10000,0.2857142857142857,0,7777.777777777777
YMM250928-00000150,SMF35967612,초고당도 감귤 신품종[유라실생] 4.5kg(실중량4kg),소과,4.5,1,35000.0,25000.0,10000,0.2857142857142857,0,7777.777777777777
YMM250928-00000151,SMF35967612,초고당도 감귤 신품종[유라실생] 4.5kg(실중량4kg),소과,4.5,1,35000.0,25000.0,10000,0.2857142857142857,0,7777.777777777777
YMM250928-00000153,SMF35967612,초고당도 감귤 신품종[유라실생] 4.5kg(실중량4kg),소과,4.5,1,35000.0,25000.0,10000,0.2857142857142857,0,7777.777777777777
YMM250928-00000154,SMF35967612,초고당도 감귤 신품종[유라실생] 4.5kg(실중량4kg),소과,4.5,1,35000.0,25000.0,10000,0.2857142857142857,0,7777.777777777777
YMM250928-00000155,SMF35967612,초고당도 감귤 신품종[유라실생] 4.5kg(실중량4kg),소과,4.5,1,35000.0,25000.0,10000,0.2857142857142857,0,7777.777777777777
YMM250928-00000156,SMF35967612,초고당도 감귤 신품종[유라실생] 4.5kg(실중량4kg),소과,7.0,1,51000.0,40000.0,11000,0.21568627450980393,0,7285.714285714285
YMM250928-00000158,SMF35967612,초고당도 감귤 신품종[유라실생] 4.5kg(실중량4kg),소과,4.5,1,35000.0,25000.0,10000,0.2857142857142857,0,7777.777777777777
YMM250928-00000159,SMF35967612,초고당도 감귤 신품종[유라실생] 4.5kg(실중량4kg),소과,4.5,1,35000.0,25000.0,10000,0.2857142857142857,0,7777.777777777777
YMM250928-00000160,SMF35967612,초고당도 감귤 신품종[유라실생] 4.5kg(실중량4kg),소과,4.5,1,35000.0,25000.0,10000,0.2857142857142857,0,7777.777777777777
YMM250928-00000161,SMF35967612,초고당도 감귤 신품종[유라실생] 4.5kg(실중량4kg),소과,4.5,1,35000.0,25000.0,10000,0.2857142857142857,0,7777.777777777777
YMM250928-00000162,SMF35967612,초고당도 감귤 신품종[유라실생] 4.5kg(실중량4kg),소과,7.0,1,51000.0,40000.0,11000,0.21568627450980393,0,7285.714285714285
YMM250928-00000163,SMF87846210,"2025 첫수확 노지감귤 가정용 3kg, 5kg",소과,10.0,1,35000.0,23000.0,12000,0.34285714285714286,0,3500.0
YMM250928-00000164,SMF35967612,초고당도 감귤 신품종[유라실생] 4.5kg(실중량4kg),소과,7.0,1,51000.0,40000.0,11000,0.21568627450980393,0,7285.714285714285
YMM250928-00000165,SMF35967612,초고당도 감귤 신품종[유라실생] 4.5kg(실중량4kg),소과,4.5,1,35000.0,25000.0,10000,0.2857142857142857,0,7777.777777777777
YMM250928-00000166,SMF35967612,초고당도 감귤 신품종[유라실생] 4.5kg(실중량4kg),소과,4.5,1,35000.0,25000.0,10000,0.2857142857142857,0,7777.777777777777
YMM250928-00000167,SMF35967612,초고당도 감귤 신품종[유라실생] 4.5kg(실중량4kg),소과,4.5,1,35000.0,25000.0,10000,0.2857142857142857,0,7777.777777777777
YMM250928-00000168,SMF35967612,초고당도 감귤 신품종[유라실생] 4.5kg(실중량4kg),소과,4.5,1,35000.0,25000.0,10000,0.2857142857142857,0,7777.777777777777
YMM250928-00000169,SMF35967612,초고당도 감귤 신품종[유라실생] 4.5kg(실중량4kg),소과,4.5,1,35000.0,25000.0,10000,0.2857142857142857,0,7777.777777777777
YMM250928-00000170,SMF35967612,초고당도 감귤 신품종[유라실생] 4.5kg(실중량4kg),소과,7.0,1,51000.0,40000.0,11000,0.21568627450980393,0,7285.714285714285
YMM250928-00000171,SMF35967612,초고당도 감귤 신품종[유라실생] 4.5kg(실중량4kg),소과,4.5,1,35000.0,25000.0,10000,0.2857142857142857,0,7777.777777777777
YMM250928-00000172,SMF35967612,초고당도 감귤 신품종[유라실생] 4.5kg(실중량4kg),소과,4.5,1,35000.0,25000.0,10000,0.2857142857142857,0,7777.777777777777
YMM250928-00000173,SMF35967612,초고당도 감귤 신품종[유라실생] 4.5kg(실중량4kg),소과,7.0,1,51000.0,40000.0,11000,0.21568627450980393,0,7285.714285714285
YMM250928-00000174,SMF35967612,초고당도 감귤 신품종[유라실생] 4.5kg(실중량4kg),소과,4.5,1,35000.0,25000.0,10000,0.2857142857142857,0,7777.777777777777
YMM250928-00000175,SMF35967612,초고당도 감귤 신품종[유라실생] 4.5kg(실중량4kg),소과,4.5,1,35000.0,25000.0,10000,0.2857142857142857,0,7777.777777777777
YMM250928-00000176,SMF35967612,초고당도 감귤 신품종[유라실생] 4.5kg(실중량4kg),소과,4.5,1,35000.0,25000.0,10000,0.2857142857142857,0,7777.777777777777
YMM250928-00000177,SMF35967612,초고당도 감귤 신품종[유라실생] 4.5kg(실중량4kg),소과,4.5,1,35000.0,25000.0,10000,0.2857142857142857,0,7777.777777777777
YMM250928-00000179,SMF35967612,초고당도 감귤 신품종[유라실생] 4.5kg(실중량4kg),소과,4.5,1,35000.0,25000.0,10000,0.2857142857142857,0,7777.777777777777
YMM250928-00000183,SMF35967612,초고당도 감귤 신품종[유라실생] 4.5kg(실중량4kg),소과,4.5,1,35000.0,25000.0,10000,0.2857142857142857,0,7777.777777777777
YMM250928-00000184,SMF35967612,초고당도 감귤 신품종[유라실생] 4.5kg(실중량4kg),소과,4.5,1,35000.0,25000.0,10000,0.2857142857142857,0,7777.777777777777
YMM250928-00000185,SMF87846210,"2025 첫수확 노지감귤 가정용 3kg, 5kg",로얄과,10.0,1,35000.0,23000.0,12000,0.34285714285714286,0,3500.0
YMM250928-00000186,SMF35967612,초고당도 감귤 신품종[유라실생] 4.5kg(실중량4kg),소과,4.5,1,35000.0,25000.0,10000,0.2857142857142857,0,7777.777777777777
YMM250928-00000187,SMF35967612,초고당도 감귤 신품종[유라실생] 4.5kg(실중량4kg),소과,4.5,1,35000.0,25000.0,10000,0.2857142857142857,0,7777.777777777777
YMM250928-00000188,SMF35967612,초고당도 감귤 신품종[유라실생] 4.5kg(실중량4kg),소과,4.5,1,35000.0,25000.0,10000,0.2857142857142857,0,7777.777777777777
YMM250928-00000189,SMF35967612,초고당도 감귤 신품종[유라실생] 4.5kg(실중량4kg),소과,7.0,1,51000.0,40000.0,11000,0.21568627450980393,0,7285.714285714285
YMM250928-00000190,SMF35967612,초고당도 감귤 신품종[유라실생] 4.5kg(실중량4kg),소과,4.5,1,35000.0,25000.0,10000,0.2857142857142857,0,7777.777777777777
YMM250928-00000191,SMF35967612,초고당도 감귤 신품종[유라실생] 4.5kg(실중량4kg),소과,7.0,1,51000.0,40000.0,11000,0.21568627450980393,0,7285.714285714285
YMM250928-00000192,SMF35967612,초고당도 감귤 신품종[유라실생] 4.5kg(실중량4kg),소과,4.5,1,35000.0,25000.0,10000,0.2857142857142857,0,7777.777777777777
YMM250928-00000194,SMF35967612,초고당도 감귤 신품종[유라실생] 4.5kg(실중량4kg),소과,7.0,1,51000.0,40000.0,11000,0.21568627450980393,0,7285.714285714285
YMM250928-00000195,SMF35967612,초고당도 감귤 신품종[유라실생] 4.5kg(실중량4kg),소과,4.5,1,35000.0,25000.0,10000,0.2857142857142857,0,7777.777777777777
YMM250928-00000196,SMF35967612,초고당도 감귤 신품종[유라실생] 4.5kg(실중량4kg),소과,4.5,1,35000.0,25000.0,10000,0.2857142857142857,0,7777.777777777777
YMM250928-00000197,SMF35967612,초고당도 감귤 신품종[유라실생] 4.5kg(실중량4kg),소과,4.5,1,35000.0,25000.0,10000,0.2857142857142857,0,7777.777777777777
YMM250928-00000198,SMF35967612,초고당도 감귤 신품종[유라실생] 4.5kg(실중량4kg),소과,4.5,2,35000.0,25000.0,20000,0.2857142857142857,0,15555.555555555555
YMM250928-00000199,SMF35967612,초고당도 감귤 신품종[유라실생] 4.5kg(실중량4kg),소과,4.5,1,35000.0,25000.0,10000,0.2857142857142857,0,7777.777777777777
YMM250928-00000200,SMF35967612,초고당도 감귤 신품종[유라실생] 4.5kg(실중량4kg),소과,4.5,2,43000.0,32500.0,21000,0.2441860465116279,0,19111.11111111111
YMM250928-00000201,SMF35967612,초고당도 감귤 신품종[유라실생] 4.5kg(실중량4kg),소과,7.0,1,51000.0,40000.0,11000,0.21568627450980393,0,7285.714285714285
YMM250928-00000202,SMF35967612,초고당도 감귤 신품종[유라실생] 4.5kg(실중량4kg),소과,4.5,1,35000.0,25000.0,10000,0.2857142857142857,0,7777.777777777777
YMM250928-00000203,SMF35967612,초고당도 감귤 신품종[유라실생] 4.5kg(실중량4kg),소과,4.5,1,35000.0,25000.0,10000,0.2857142857142857,0,7777.777777777777
YMM250928-00000204,SMF35967612,초고당도 감귤 신품종[유라실생] 4.5kg(실중량4kg),소과,7.0,1,51000.0,40000.0,11000,0.21568627450980393,0,7285.714285714285
YMM250928-00000205,SMF35967612,초고당도 감귤 신품종[유라실생] 4.5kg(실중량4kg),소과,4.5,1,35000.0,25000.0,10000,0.2857142857142857,0,7777.777777777777
YMM250928-00000207,SMF29718566,제주 산지직송 황금향 선물세트 가정용,중대과,3.0,1,39000.0,25000.0,14000,0.358974358974359,0,13000.0
YMM250928-00000209,SMF35967612,초고당도 감귤 신품종[유라실생] 4.5kg(실중량4kg),소과,4.5,1,35000.0,25000.0,10000,0.2857142857142857,0,7777.777777777777
YMM250928-00000210,SMF35967612,초고당도 감귤 신품종[유라실생] 4.5kg(실중량4kg),소과,7.0,2,51000.0,40000.0,22000,0.21568627450980393,0,14571.42857142857
YMM250928-00000212,SMF35967612,초고당도 감귤 신품종[유라실생] 4.5kg(실중량4kg),소과,4.5,1,35000.0,25000.0,10000,0.2857142857142857,0,7777.777777777777
YMM250928-00000213,SMF35967612,초고당도 감귤 신품종[유라실생] 4.5kg(실중량4kg),소과,7.0,1,51000.0,40000.0,11000,0.21568627450980393,0,7285.714285714285
YMM250928-00000214,SMF35967612,초고당도 감귤 신품종[유라실생] 4.5kg(실중량4kg),소과,4.5,1,35000.0,25000.0,10000,0.2857142857142857,0,7777.777777777777
YMM250928-00000215,SMF35967612,초고당도 감귤 신품종[유라실생] 4.5kg(실중량4kg),소과,4.5,1,35000.0,25000.0,10000,0.2857142857142857,0,7777.777777777777
YMM250928-00000216,SMF35967612,초고당도 감귤 신품종[유라실생] 4.5kg(실중량4kg),소과,4.5,1,35000.0,25000.0,10000,0.2857142857142857,0,7777.777777777777
YMM250928-00000217,SMF35967612,초고당도 감귤 신품종[유라실생] 4.5kg(실중량4kg),소과,7.0,1,51000.0,40000.0,11000,0.21568627450980393,0,7285.714285714285
YMM250928-00000218,SMF35967612,초고당도 감귤 신품종[유라실생] 4.5kg(실중량4kg),소과,4.5,1,35000.0,25000.0,10000,0.2857142857142857,0,7777.777777777777
YMM250928-00000219,SMF35967612,초고당도 감귤 신품종[유라실생] 4.5kg(실중량4kg),소과,4.5,1,35000.0,25000.0,10000,0.2857142857142857,0,7777.777777777777
YMM250928-00000222,SMF35967612,초고당도 감귤 신품종[유라실생] 4.5kg(실중량4kg),소과,4.5,2,35000.0,25000.0,20000,0.2857142857142857,0,15555.555555555555
YMM250928-00000225,SMF35967612,초고당도 감귤 신품종[유라실생] 4.5kg(실중량4kg),소과,4.5,1,35000.0,25000.0,10000,0.2857142857142857,0,7777.777777777777
YMM250928-00000226,SMF35967612,초고당도 감귤 신품종[유라실생] 4.5kg(실중량4kg),소과,4.5,1,35000.0,25000.0,10000,0.2857142857142857,0,7777.777777777777
YMM250928-00000227,SMF35967612,초고당도 감귤 신품종[유라실생] 4.5kg(실중량4kg),소과,4.5,1,35000.0,25000.0,10000,0.2857142857142857,0,7777.777777777777
YMM250928-00000230,SMF35967612,초고당도 감귤 신품종[유라실생] 4.5kg(실중량4kg),소과,7.0,1,51000.0,40000.0,11000,0.21568627450980393,0,7285.714285714285
YMM250928-00000231,SMF87846210,"2025 첫수확 노지감귤 가정용 3kg, 5kg",소과,10.0,10,35000.0,23000.0,120000,0.34285714285714286,0,35000.0
YMM250928-00000233,SMF35967612,초고당도 감귤 신품종[유라실생] 4.5kg(실중량4kg),소과,7.0,1,51000.0,40000.0,11000,0.21568627450980393,0,7285.714285714285
YMM250928-00000234,SMF35967612,초고당도 감귤 신품종[유라실생] 4.5kg(실중량4kg),소과,4.5,1,35000.0,25000.0,10000,0.2857142857142857,0,7777.777777777777
YMM250928-00000235,SMF35967612,초고당도 감귤 신품종[유라실생] 4.5kg(실중량4kg),소과,4.5,1,35000.0,25000.0,10000,0.2857142857142857,0,7777.777777777777
YMM250928-00000236,SMF35967612,초고당도 감귤 신품종[유라실생] 4.5kg(실중량4kg),소과,4.5,1,35000.0,25000.0,10000,0.2857142857142857,0,7777.777777777777
YMM250928-00000237,SMF35967612,초고당도 감귤 신품종[유라실생] 4.5kg(실중량4kg),소과,7.0,1,51000.0,40000.0,11000,0.21568627450980393,0,7285.714285714285
YMM250928-00000239,SMF35967612,초고당도 감귤 신품종[유라실생] 4.5kg(실중량4kg),소과,4.5,1,35000.0,25000.0,10000,0.2857142857142857,0,7777.777777777777
YMM250928-00000240,SMF35967612,초고당도 감귤 신품종[유라실생] 4.5kg(실중량4kg),소과,4.5,1,35000.0,25000.0,10000,0.2857142857142857,0,7777.777777777777
YMM250928-00000241,SMF35967612,초고당도 감귤 신품종[유라실생] 4.5kg(실중량4kg),소과,4.5,1,35000.0,25000.0,10000,0.2857142857142857,0,7777.777777777777
YMM250928-00000242,SMF35967612,초고당도 감귤 신품종[유라실생] 4.5kg(실중량4kg),소과,4.5,1,35000.0,25000.0,10000,0.2857142857142857,0,7777.777777777777
YMM250928-00000243,SMF35967612,초고당도 감귤 신품종[유라실생] 4.5kg(실중량4kg),소과,4.5,1,35000.0,25000.0,10000,0.2857142857142857,0,7777.777777777777
YMM250928-00000244,SMF35967612,초고당도 감귤 신품종[유라실생] 4.5kg(실중량4kg),소과,4.5,1,35000.0,25000.0,10000,0.2857142857142857,0,7777.777777777777
YMM250928-00000245,SMF35967612,초고당도 감귤 신품종[유라실생] 4.5kg(실중량4kg),소과,4.5,1,35000.0,25000.0,10000,0.2857142857142857,0,7777.777777777777
YMM250928-00000246,SMF87846210,"2025 첫수확 노지감귤 가정용 3kg, 5kg",소과,5.0,1,24000.0,13300.0,10700,0.44583333333333336,0,4800.0
YMM250928-00000247,SMF87846210,"2025 첫수확 노지감귤 가정용 3kg, 5kg",소과,5.0,5,24000.0,13300.0,53500,0.44583333333333336,0,24000.0
YMM250928-00000248,SMF35967612,초고당도 감귤 신품종[유라실생] 4.5kg(실중량4kg),소과,4.5,1,35000.0,25000.0,10000,0.2857142857142857,0,7777.777777777777
YMM250928-00000250,SMF35967612,초고당도 감귤 신품종[유라실생] 4.5kg(실중량4kg),소과,4.5,1,35000.0,25000.0,10000,0.2857142857142857,0,7777.777777777777
YMM250928-00000251,SMF35967612,초고당도 감귤 신품종[유라실생] 4.5kg(실중량4kg),소과,7.0,1,51000.0,40000.0,11000,0.21568627450980393,0,7285.714285714285
YMM250928-00000252,SMF35967612,초고당도 감귤 신품종[유라실생] 4.5kg(실중량4kg),소과,4.5,1,35000.0,25000.0,10000,0.2857142857142857,0,7777.777777777777
YMM250928-00000253,SMF35967612,초고당도 감귤 신품종[유라실생] 4.5kg(실중량4kg),소과,4.5,1,35000.0,25000.0,10000,0.2857142857142857,0,7777.777777777777
YMM250928-00000254,SMF35967612,초고당도 감귤 신품종[유라실생] 4.5kg(실중량4kg),소과,4.5,1,35000.0,25000.0,10000,0.2857142857142857,0,7777.777777777777
YMM250928-00000257,SMF35967612,초고당도 감귤 신품종[유라실생] 4.5kg(실중량4kg),소과,4.5,1,35000.0,25000.0,10000,0.2857142857142857,0,7777.777777777777
YMM250928-00000258,SMF35967612,초고당도 감귤 신품종[유라실생] 4.5kg(실중량4kg),소과,7.0,1,51000.0,40000.0,11000,0.21568627450980393,0,7285.714285714285
YMM250928-00000259,SMF35967612,초고당도 감귤 신품종[유라실생] 4.5kg(실중량4kg),소과,4.5,1,35000.0,25000.0,10000,0.2857142857142857,0,7777.777777777777
YMM250928-00000260,SMF35967612,초고당도 감귤 신품종[유라실생] 4.5kg(실중량4kg),소과,4.5,1,35000.0,25000.0,10000,0.2857142857142857,0,7777.777777777777
YMM250928-00000261,SMF35967612,초고당도 감귤 신품종[유라실생] 4.5kg(실중량4kg),소과,4.5,1,35000.0,25000.0,10000,0.2857142857142857,0,7777.777777777777
YMM250928-00000262,SMF35967612,초고당도 감귤 신품종[유라실생] 4.5kg(실중량4kg),소과,4.5,1,35000.0,25000.0,10000,0.2857142857142857,0,7777.777777777777
YMM250928-00000264,SMF35967612,초고당도 감귤 신품종[유라실생] 4.5kg(실중량4kg),소과,7.0,1,51000.0,40000.0,11000,0.21568627450980393,0,7285.714285714285
YMM250928-00000265,SMF35967612,초고당도 감귤 신품종[유라실생] 4.5kg(실중량4kg),소과,4.5,1,35000.0,25000.0,10000,0.2857142857142857,0,7777.777777777777
YMM250928-00000266,SMF35967612,초고당도 감귤 신품종[유라실생] 4.5kg(실중량4kg),소과,4.5,1,35000.0,25000.0,10000,0.2857142857142857,0,7777.777777777777
YMM250928-00000267,SMF87846210,"2025 첫수확 노지감귤 가정용 3kg, 5kg",소과,3.0,1,17000.0,8800.0,8200,0.4823529411764706,0,5666.666666666667
YMM250928-00000269,SMF35967612,초고당도 감귤 신품종[유라실생] 4.5kg(실중량4kg),소과,7.0,1,51000.0,40000.0,11000,0.21568627450980393,0,7285.714285714285
YMM250928-00000270,SMF35967612,초고당도 감귤 신품종[유라실생] 4.5kg(실중량4kg),소과,4.5,1,35000.0,25000.0,10000,0.2857142857142857,0,7777.777777777777
YMM250928-00000271,SMF35967612,초고당도 감귤 신품종[유라실생] 4.5kg(실중량4kg),소과,4.5,1,35000.0,25000.0,10000,0.2857142857142857,0,7777.777777777777
YMM250928-00000272,SMF35967612,초고당도 감귤 신품종[유라실생] 4.5kg(실중량4kg),소과,4.5,1,35000.0,25000.0,10000,0.2857142857142857,0,7777.777777777777
YMM250928-00000273,SMF35967612,초고당도 감귤 신품종[유라실생] 4.5kg(실중량4kg),소과,4.5,1,35000.0,25000.0,10000,0.2857142857142857,0,7777.777777777777
YMM250928-00000274,SMF35967612,초고당도 감귤 신품종[유라실생] 4.5kg(실중량4kg),소과,4.5,1,35000.0,25000.0,10000,0.2857142857142857,0,7777.777777777777
YMM250928-00000275,SMF35967612,초고당도 감귤 신품종[유라실생] 4.5kg(실중량4kg),소과,4.5,1,35000.0,25000.0,10000,0.2857142857142857,0,7777.777777777777
YMM250928-00000276,SMF35967612,초고당도 감귤 신품종[유라실생] 4.5kg(실중량4kg),소과,4.5,1,35000.0,25000.0,10000,0.2857142857142857,0,7777.777777777777
YMM250928-00000277,SMF35967612,초고당도 감귤 신품종[유라실생] 4.5kg(실중량4kg),소과,4.5,1,35000.0,25000.0,10000,0.2857142857142857,0,7777.777777777777
YMM250928-00000280,SMF35967612,초고당도 감귤 신품종[유라실생] 4.5kg(실중량4kg),소과,4.5,1,35000.0,25000.0,10000,0.2857142857142857,0,7777.777777777777
YMM250928-00000281,SMF35967612,초고당도 감귤 신품종[유라실생] 4.5kg(실중량4kg),소과,4.5,1,35000.0,25000.0,10000,0.2857142857142857,0,7777.777777777777
YMM250928-00000282,SMF35967612,초고당도 감귤 신품종[유라실생] 4.5kg(실중량4kg),소과,4.5,2,35000.0,25000.0,20000,0.2857142857142857,0,15555.555555555555
YMM250928-00000283,SMF35967612,초고당도 감귤 신품종[유라실생] 4.5kg(실중량4kg),소과,7.0,2,51000.0,40000.0,22000,0.21568627450980393,0,14571.42857142857
YMM250928-00000284,SMF35967612,초고당도 감귤 신품종[유라실생] 4.5kg(실중량4kg),소과,4.5,1,35000.0,25000.0,10000,0.2857142857142857,0,7777.777777777777
YMM250928-00000285,SMF35967612,초고당도 감귤 신품종[유라실생] 4.5kg(실중량4kg),소과,4.5,1,35000.0,25000.0,10000,0.2857142857142857,0,7777.777777777777
YMM250928-00000286,SMF35967612,초고당도 감귤 신품종[유라실생] 4.5kg(실중량4kg),소과,4.5,1,35000.0,25000.0,10000,0.2857142857142857,0,7777.777777777777
YMM250928-00000287,SMF87846210,"2025 첫수확 노지감귤 가정용 3kg, 5kg",로얄과,5.0,1,24000.0,13300.0,10700,0.44583333333333336,0,4800.0
YMM250928-00000288,SMF35967612,초고당도 감귤 신품종[유라실생] 4.5kg(실중량4kg),소과,7.0,1,51000.0,40000.0,11000,0.21568627450980393,0,7285.714285714285
YMM250928-00000289,SMF35967612,초고당도 감귤 신품종[유라실생] 4.5kg(실중량4kg),소과,7.0,1,51000.0,40000.0,11000,0.21568627450980393,0,7285.714285714285
YMM250928-00000291,SMF35967612,초고당도 감귤 신품종[유라실생] 4.5kg(실중량4kg),소과,4.5,1,35000.0,25000.0,10000,0.2857142857142857,0,7777.777777777777
YMM250928-00000292,SMF35967612,초고당도 감귤 신품종[유라실생] 4.5kg(실중량4kg),소과,4.5,1,35000.0,25000.0,10000,0.2857142857142857,0,7777.777777777777
YMM250928-00000293,SMF35967612,초고당도 감귤 신품종[유라실생] 4.5kg(실중량4kg),소과,4.5,1,35000.0,25000.0,10000,0.2857142857142857,0,7777.777777777777
YMM250928-00000294,SMF35967612,초고당도 감귤 신품종[유라실생] 4.5kg(실중량4kg),소과,4.5,1,35000.0,25000.0,10000,0.2857142857142857,0,7777.777777777777
YMM250928-00000297,SMF35967612,초고당도 감귤 신품종[유라실생] 4.5kg(실중량4kg),소과,7.0,1,51000.0,40000.0,11000,0.21568627450980393,0,7285.714285714285
YMM250928-00000300,SMF35967612,초고당도 감귤 신품종[유라실생] 4.5kg(실중량4kg),소과,4.5,1,35000.0,25000.0,10000,0.2857142857142857,0,7777.777777777777
YMM250928-00000301,SMF35967612,초고당도 감귤 신품종[유라실생] 4.5kg(실중량4kg),소과,4.5,1,35000.0,25000.0,10000,0.2857142857142857,0,7777.777777777777
YMM250928-00000302,SMF35967612,초고당도 감귤 신품종[유라실생] 4.5kg(실중량4kg),소과,4.5,1,35000.0,25000.0,10000,0.2857142857142857,0,7777.777777777777
YMM250928-00000304,SMF35967612,초고당도 감귤 신품종[유라실생] 4.5kg(실중량4kg),소과,4.5,1,35000.0,25000.0,10000,0.2857142857142857,0,7777.777777777777
YMM250928-00000306,SMF35967612,초고당도 감귤 신품종[유라실생] 4.5kg(실중량4kg),소과,4.5,1,35000.0,25000.0,10000,0.2857142857142857,0,7777.777777777777
YMM250928-00000307,SMF35967612,초고당도 감귤 신품종[유라실생] 4.5kg(실중량4kg),소과,4.5,1,35000.0,25000.0,10000,0.2857142857142857,0,7777.777777777777
YMM250928-00000308,SMF35967612,초고당도 감귤 신품종[유라실생] 4.5kg(실중량4kg),소과,7.0,1,51000.0,40000.0,11000,0.21568627450980393,0,7285.714285714285
YMM250928-00000309,SMF87846210,"2025 첫수확 노지감귤 가정용 3kg, 5kg",소과,3.0,1,17000.0,8800.0,8200,0.4823529411764706,0,5666.666666666667
YMM250928-00000310,SMF35967612,초고당도 감귤 신품종[유라실생] 4.5kg(실중량4kg),소과,4.5,1,35000.0,25000.0,10000,0.2857142857142857,0,7777.777777777777
YMM250928-00000311,SMF35967612,초고당도 감귤 신품종[유라실생] 4.5kg(실중량4kg),소과,7.0,1,51000.0,40000.0,11000,0.21568627450980393,0,7285.714285714285
YMM250928-00000312,SMF35967612,초고당도 감귤 신품종[유라실생] 4.5kg(실중량4kg),소과,7.0,1,51000.0,40000.0,11000,0.21568627450980393,0,7285.714285714285
YMM250928-00000313,SMF35967612,초고당도 감귤 신품종[유라실생] 4.5kg(실중량4kg),소과,4.5,1,35000.0,25000.0,10000,0.2857142857142857,0,7777.777777777777
YMM250928-00000314,SMF35967612,초고당도 감귤 신품종[유라실생] 4.5kg(실중량4kg),소과,4.5,1,35000.0,25000.0,10000,0.2857142857142857,0,7777.777777777777
YMM250928-00000315,SMF35967612,초고당도 감귤 신품종[유라실생] 4.5kg(실중량4kg),소과,4.5,1,35000.0,25000.0,10000,0.2857142857142857,0,7777.777777777777
YMM250928-00000316,SMF35967612,초고당도 감귤 신품종[유라실생] 4.5kg(실중량4kg),소과,4.5,1,35000.0,25000.0,10000,0.2857142857142857,0,7777.777777777777
YMM250928-00000317,SMF35967612,초고당도 감귤 신품종[유라실생] 4.5kg(실중량4kg),소과,4.5,1,35000.0,25000.0,10000,0.2857142857142857,0,7777.777777777777
YMM250928-00000318,SMF35967612,초고당도 감귤 신품종[유라실생] 4.5kg(실중량4kg),소과,4.5,1,35000.0,25000.0,10000,0.2857142857142857,0,7777.777777777777
YMM250928-00000319,SMF35967612,초고당도 감귤 신품종[유라실생] 4.5kg(실중량4kg),소과,4.5,1,35000.0,25000.0,10000,0.2857142857142857,0,7777.777777777777
YMM250928-00000320,SMF35967612,초고당도 감귤 신품종[유라실생] 4.5kg(실중량4kg),소과,4.5,1,35000.0,25000.0,10000,0.2857142857142857,0,7777.777777777777
YMM250928-00000321,SMF35967612,초고당도 감귤 신품종[유라실생] 4.5kg(실중량4kg),소과,4.5,1,35000.0,25000.0,10000,0.2857142857142857,0,7777.777777777777
YMM250928-00000322,SMF35967612,초고당도 감귤 신품종[유라실생] 4.5kg(실중량4kg),소과,4.5,1,35000.0,25000.0,10000,0.2857142857142857,0,7777.777777777777
YMM250928-00000323,SMF35967612,초고당도 감귤 신품종[유라실생] 4.5kg(실중량4kg),소과,7.0,1,51000.0,40000.0,11000,0.21568627450980393,0,7285.714285714285
YMM250928-00000324,SMF35967612,초고당도 감귤 신품종[유라실생] 4.5kg(실중량4kg),소과,7.0,1,51000.0,40000.0,11000,0.21568627450980393,0,7285.714285714285
YMM250928-00000325,SMF35967612,초고당도 감귤 신품종[유라실생] 4.5kg(실중량4kg),소과,7.0,1,51000.0,40000.0,11000,0.21568627450980393,0,7285.714285714285
YMM250928-00000326,SMF35967612,초고당도 감귤 신품종[유라실생] 4.5kg(실중량4kg),소과,4.5,1,35000.0,25000.0,10000,0.2857142857142857,0,7777.777777777777
YMM250928-00000327,SMF35967612,초고당도 감귤 신품종[유라실생] 4.5kg(실중량4kg),소과,4.5,1,35000.0,25000.0,10000,0.2857142857142857,0,7777.777777777777
YMM250928-00000328,SMF35967612,초고당도 감귤 신품종[유라실생] 4.5kg(실중량4kg),소과,4.5,1,35000.0,25000.0,10000,0.2857142857142857,0,7777.777777777777
YMM250928-00000329,SMF35967612,초고당도 감귤 신품종[유라실생] 4.5kg(실중량4kg),소과,4.5,1,35000.0,25000.0,10000,0.2857142857142857,0,7777.777777777777
YMM250928-00000330,SMF35967612,초고당도 감귤 신품종[유라실생] 4.5kg(실중량4kg),소과,4.5,1,35000.0,25000.0,10000,0.2857142857142857,0,7777.777777777777
YMM250928-00000332,SMF87846210,"2025 첫수확 노지감귤 가정용 3kg, 5kg",소과,5.0,1,24000.0,13300.0,10700,0.44583333333333336,0,4800.0
YMM250928-00000333,SMF35967612,초고당도 감귤 신품종[유라실생] 4.5kg(실중량4kg),소과,4.5,1,35000.0,25000.0,10000,0.2857142857142857,0,7777.777777777777
YMM250928-00000334,SMF35967612,초고당도 감귤 신품종[유라실생] 4.5kg(실중량4kg),소과,4.5,1,35000.0,25000.0,10000,0.2857142857142857,0,7777.777777777777
YMM250928-00000335,SMF35967612,초고당도 감귤 신품종[유라실생] 4.5kg(실중량4kg),소과,4.5,1,35000.0,25000.0,10000,0.2857142857142857,0,7777.777777777777
YMM250928-00000336,SMF29718566,제주 산지직송 황금향 선물세트 가정용,중대과,5.0,1,54000.0,40000.0,14000,0.25925925925925924,0,10800.0
YMM250928-00000337,SMF35967612,초고당도 감귤 신품종[유라실생] 4.5kg(실중량4kg),소과,4.5,1,35000.0,25000.0,10000,0.2857142857142857,0,7777.777777777777
YMM250928-00000338,SMF35967612,초고당도 감귤 신품종[유라실생] 4.5kg(실중량4kg),소과,4.5,1,35000.0,25000.0,10000,0.2857142857142857,0,7777.777777777777
YMM250928-00000340,SMF35967612,초고당도 감귤 신품종[유라실생] 4.5kg(실중량4kg),소과,7.0,1,51000.0,40000.0,11000,0.21568627450980393,0,7285.714285714285
YMM250928-00000341,SMF87846210,"2025 첫수확 노지감귤 가정용 3kg, 5kg",로얄과,5.0,3,24000.0,13300.0,32100,0.44583333333333336,0,14400.0
YMM250928-00000342,SMF35967612,초고당도 감귤 신품종[유라실생] 4.5kg(실중량4kg),소과,4.5,2,35000.0,25000.0,20000,0.2857142857142857,0,15555.555555555555
YMM250928-00000343,SMF35967612,초고당도 감귤 신품종[유라실생] 4.5kg(실중량4kg),소과,4.5,1,35000.0,25000.0,10000,0.2857142857142857,0,7777.777777777777
YMM250928-00000344,SMF35967612,초고당도 감귤 신품종[유라실생] 4.5kg(실중량4kg),소과,4.5,1,35000.0,25000.0,10000,0.2857142857142857,0,7777.777777777777
YMM250928-00000345,SMF35967612,초고당도 감귤 신품종[유라실생] 4.5kg(실중량4kg),소과,4.5,1,35000.0,25000.0,10000,0.2857142857142857,0,7777.777777777777
YMM250928-00000346,SMF35967612,초고당도 감귤 신품종[유라실생] 4.5kg(실중량4kg),소과,4.5,1,35000.0,25000.0,10000,0.2857142857142857,0,7777.777777777777
YMM250928-00000347,SMF35967612,초고당도 감귤 신품종[유라실생] 4.5kg(실중량4kg),소과,4.5,1,35000.0,25000.0,10000,0.2857142857142857,0,7777.777777777777
YMM250928-00000348,SMF35967612,초고당도 감귤 신품종[유라실생] 4.5kg(실중량4kg),소과,4.5,1,35000.0,25000.0,10000,0.2857142857142857,0,7777.777777777777
YMM250928-00000349,SMF35967612,초고당도 감귤 신품종[유라실생] 4.5kg(실중량4kg),소과,7.0,1,51000.0,40000.0,11000,0.21568627450980393,0,7285.714285714285
YMM250928-00000350,SMF35967612,초고당도 감귤 신품종[유라실생] 4.5kg(실중량4kg),소과,4.5,1,35000.0,25000.0,10000,0.2857142857142857,0,7777.777777777777
YMM250928-00000351,SMF35967612,초고당도 감귤 신품종[유라실생] 4.5kg(실중량4kg),소과,4.5,1,35000.0,25000.0,10000,0.2857142857142857,0,7777.777777777777
YMM250928-00000352,SMF35967612,초고당도 감귤 신품종[유라실생] 4.5kg(실중량4kg),소과,4.5,1,35000.0,25000.0,10000,0.2857142857142857,0,7777.777777777777
YMM250928-00000353,SMF35967612,초고당도 감귤 신품종[유라실생] 4.5kg(실중량4kg),소과,7.0,1,51000.0,40000.0,11000,0.21568627450980393,0,7285.714285714285
YMM250928-00000354,SMF35967612,초고당도 감귤 신품종[유라실생] 4.5kg(실중량4kg),소과,7.0,1,51000.0,40000.0,11000,0.21568627450980393,0,7285.714285714285
YMM250928-00000355,SMF35967612,초고당도 감귤 신품종[유라실생] 4.5kg(실중량4kg),소과,4.5,1,35000.0,25000.0,10000,0.2857142857142857,0,7777.777777777777
YMM250928-00000356,SMF35967612,초고당도 감귤 신품종[유라실생] 4.5kg(실중량4kg),소과,7.0,1,51000.0,40000.0,11000,0.21568627450980393,0,7285.714285714285
YMM250928-00000357,SMF35967612,초고당도 감귤 신품종[유라실생] 4.5kg(실중량4kg),소과,7.0,1,51000.0,40000.0,11000,0.21568627450980393,0,7285.714285714285
YMM250928-00000358,SMF35967612,초고당도 감귤 신품종[유라실생] 4.5kg(실중량4kg),소과,4.5,1,35000.0,25000.0,10000,0.2857142857142857,0,7777.777777777777
YMM250928-00000359,SMF35967612,초고당도 감귤 신품종[유라실생] 4.5kg(실중량4kg),소과,4.5,1,35000.0,25000.0,10000,0.2857142857142857,0,7777.777777777777
YMM250928-00000360,SMF35967612,초고당도 감귤 신품종[유라실생] 4.5kg(실중량4kg),소과,4.5,1,35000.0,25000.0,10000,0.2857142857142857,0,7777.777777777777
YMM250928-00000361,SMF35967612,초고당도 감귤 신품종[유라실생] 4.5kg(실중량4kg),소과,7.0,1,51000.0,40000.0,11000,0.21568627450980393,0,7285.714285714285
YMM250928-00000362,SMF35967612,초고당도 감귤 신품종[유라실생] 4.5kg(실중량4kg),소과,4.5,1,35000.0,25000.0,10000,0.2857142857142857,0,7777.777777777777
YMM250928-00000363,SMF35967612,초고당도 감귤 신품종[유라실생] 4.5kg(실중량4kg),소과,7.0,1,51000.0,40000.0,11000,0.21568627450980393,0,7285.714285714285
YMM250928-00000364,SMF35967612,초고당도 감귤 신품종[유라실생] 4.5kg(실중량4kg),소과,4.5,1,35000.0,25000.0,10000,0.2857142857142857,0,7777.777777777777
YMM250928-00000366,SMF35967612,초고당도 감귤 신품종[유라실생] 4.5kg(실중량4kg),소과,4.5,1,35000.0,25000.0,10000,0.2857142857142857,0,7777.777777777777
YMM250928-00000367,SMF35967612,초고당도 감귤 신품종[유라실생] 4.5kg(실중량4kg),소과,4.5,1,35000.0,25000.0,10000,0.2857142857142857,0,7777.777777777777
YMM250928-00000368,SMF35967612,초고당도 감귤 신품종[유라실생] 4.5kg(실중량4kg),소과,4.5,1,35000.0,25000.0,10000,0.2857142857142857,0,7777.777777777777
YMM250928-00000369,SMF35967612,초고당도 감귤 신품종[유라실생] 4.5kg(실중량4kg),소과,4.5,1,35000.0,25000.0,10000,0.2857142857142857,0,7777.777777777777
YMM250928-00000372,SMF35967612,초고당도 감귤 신품종[유라실생] 4.5kg(실중량4kg),소과,4.5,1,35000.0,25000.0,10000,0.2857142857142857,0,7777.777777777777
YMM250928-00000373,SMF35967612,초고당도 감귤 신품종[유라실생] 4.5kg(실중량4kg),소과,4.5,1,35000.0,25000.0,10000,0.2857142857142857,0,7777.777777777777
YMM250928-00000374,SMF35967612,초고당도 감귤 신품종[유라실생] 4.5kg(실중량4kg),소과,4.5,1,35000.0,25000.0,10000,0.2857142857142857,0,7777.777777777777
YMM250928-00000375,SMF35967612,초고당도 감귤 신품종[유라실생] 4.5kg(실중량4kg),소과,4.5,1,35000.0,25000.0,10000,0.2857142857142857,0,7777.777777777777
YMM250928-00000376,SMF35967612,초고당도 감귤 신품종[유라실생] 4.5kg(실중량4kg),소과,4.5,1,35000.0,25000.0,10000,0.2857142857142857,0,7777.777777777777
YMM250928-00000377,SMF35967612,초고당도 감귤 신품종[유라실생] 4.5kg(실중량4kg),소과,4.5,1,35000.0,25000.0,10000,0.2857142857142857,0,7777.777777777777
YMM250928-00000378,SMF35967612,초고당도 감귤 신품종[유라실생] 4.5kg(실중량4kg),소과,4.5,2,35000.0,25000.0,20000,0.2857142857142857,0,15555.555555555555
YMM250928-00000379,SMF35967612,초고당도 감귤 신품종[유라실생] 4.5kg(실중량4kg),소과,7.0,1,51000.0,40000.0,11000,0.21568627450980393,0,7285.714285714285
YMM250928-00000381,SMF35967612,초고당도 감귤 신품종[유라실생] 4.5kg(실중량4kg),소과,4.5,1,35000.0,25000.0,10000,0.2857142857142857,0,7777.777777777777
YMM250928-00000382,SMF35967612,초고당도 감귤 신품종[유라실생] 4.5kg(실중량4kg),소과,4.5,1,35000.0,25000.0,10000,0.2857142857142857,0,7777.777777777777
YMM250928-00000383,SMF35967612,초고당도 감귤 신품종[유라실생] 4.5kg(실중량4kg),소과,4.5,1,35000.0,25000.0,10000,0.2857142857142857,0,7777.777777777777
YMM250928-00000384,SMF35967612,초고당도 감귤 신품종[유라실생] 4.5kg(실중량4kg),소과,4.5,1,35000.0,25000.0,10000,0.2857142857142857,0,7777.777777777777
YMM250928-00000386,SMF35967612,초고당도 감귤 신품종[유라실생] 4.5kg(실중량4kg),소과,4.5,1,35000.0,25000.0,10000,0.2857142857142857,0,7777.777777777777
YMM250928-00000387,SMF35967612,초고당도 감귤 신품종[유라실생] 4.5kg(실중량4kg),소과,7.0,1,51000.0,40000.0,11000,0.21568627450980393,0,7285.714285714285
YMM250928-00000388,SMF35967612,초고당도 감귤 신품종[유라실생] 4.5kg(실중량4kg),소과,4.5,1,35000.0,25000.0,10000,0.2857142857142857,0,7777.777777777777
YMM250928-00000389,SMF35967612,초고당도 감귤 신품종[유라실생] 4.5kg(실중량4kg),소과,4.5,1,35000.0,25000.0,10000,0.2857142857142857,0,7777.777777777777
YMM250928-00000390,SMF35967612,초고당도 감귤 신품종[유라실생] 4.5kg(실중량4kg),소과,4.5,1,35000.0,25000.0,10000,0.2857142857142857,0,7777.777777777777
YMM250928-00000391,SMF35967612,초고당도 감귤 신품종[유라실생] 4.5kg(실중량4kg),소과,4.5,1,35000.0,25000.0,10000,0.2857142857142857,0,7777.777777777777
YMM250928-00000392,SMF35967612,초고당도 감귤 신품종[유라실생] 4.5kg(실중량4kg),소과,7.0,1,51000.0,40000.0,11000,0.21568627450980393,0,7285.714285714285
YMM250928-00000394,SMF35967612,초고당도 감귤 신품종[유라실생] 4.5kg(실중량4kg),소과,4.5,1,35000.0,25000.0,10000,0.2857142857142857,0,7777.777777777777
YMM250928-00000395,SMF35967612,초고당도 감귤 신품종[유라실생] 4.5kg(실중량4kg),소과,7.0,1,51000.0,40000.0,11000,0.21568627450980393,0,7285.714285714285
YMM250928-00000396,SMF35967612,초고당도 감귤 신품종[유라실생] 4.5kg(실중량4kg),소과,4.5,1,35000.0,25000.0,10000,0.2857142857142857,0,7777.777777777777
YMM250928-00000397,SMF35967612,초고당도 감귤 신품종[유라실생] 4.5kg(실중량4kg),소과,4.5,1,35000.0,25000.0,10000,0.2857142857142857,0,7777.777777777777
YMM250928-00000399,SMF35967612,초고당도 감귤 신품종[유라실생] 4.5kg(실중량4kg),소과,4.5,1,35000.0,25000.0,10000,0.2857142857142857,0,7777.777777777777
YMM250928-00000400,SMF35967612,초고당도 감귤 신품종[유라실생] 4.5kg(실중량4kg),소과,4.5,1,35000.0,25000.0,10000,0.2857142857142857,0,7777.777777777777
YMM250928-00000401,SMF35967612,초고당도 감귤 신품종[유라실생] 4.5kg(실중량4kg),소과,7.0,1,51000.0,40000.0,11000,0.21568627450980393,0,7285.714285714285
YMM250928-00000402,SMF35967612,초고당도 감귤 신품종[유라실생] 4.5kg(실중량4kg),소과,7.0,1,51000.0,40000.0,11000,0.21568627450980393,0,7285.714285714285
YMM250928-00000404,SMF35967612,초고당도 감귤 신품종[유라실생] 4.5kg(실중량4kg),소과,4.5,1,35000.0,25000.0,10000,0.2857142857142857,0,7777.777777777777
YMM250928-00000405,SMF35967612,초고당도 감귤 신품종[유라실생] 4.5kg(실중량4kg),소과,7.0,1,51000.0,40000.0,11000,0.21568627450980393,0,7285.714285714285
YMM250928-00000406,SMF35967612,초고당도 감귤 신품종[유라실생] 4.5kg(실중량4kg),소과,7.0,1,51000.0,40000.0,11000,0.21568627450980393,0,7285.714285714285
YMM250928-00000407,SMF35967612,초고당도 감귤 신품종[유라실생] 4.5kg(실중량4kg),소과,4.5,1,35000.0,25000.0,10000,0.2857142857142857,0,7777.777777777777
YMM250928-00000408,SMF35967612,초고당도 감귤 신품종[유라실생] 4.5kg(실중량4kg),소과,4.5,1,35000.0,25000.0,10000,0.2857142857142857,0,7777.777777777777
YMM250928-00000410,SMF35967612,초고당도 감귤 신품종[유라실생] 4.5kg(실중량4kg),소과,7.0,1,51000.0,40000.0,11000,0.21568627450980393,0,7285.714285714285
YMM250928-00000411,SMF35967612,초고당도 감귤 신품종[유라실생] 4.5kg(실중량4kg),소과,4.5,1,35000.0,25000.0,10000,0.2857142857142857,0,7777.777777777777
YMM250928-00000412,SMF35967612,초고당도 감귤 신품종[유라실생] 4.5kg(실중량4kg),소과,4.5,1,35000.0,25000.0,10000,0.2857142857142857,0,7777.777777777777
YMM250928-00000413,SMF35967612,초고당도 감귤 신품종[유라실생] 4.5kg(실중량4kg),소과,4.5,1,35000.0,25000.0,10000,0.2857142857142857,0,7777.777777777777
YMM250928-00000414,SMF29718566,제주 산지직송 황금향 선물세트 가정용,중대과,3.0,3,39000.0,25000.0,42000,0.358974358974359,0,39000.0
YMM250928-00000415,SMF35967612,초고당도 감귤 신품종[유라실생] 4.5kg(실중량4kg),소과,7.0,1,51000.0,40000.0,11000,0.21568627450980393,0,7285.714285714285
YMM250928-00000416,SMF35967612,초고당도 감귤 신품종[유라실생] 4.5kg(실중량4kg),소과,4.5,1,35000.0,25000.0,10000,0.2857142857142857,0,7777.777777777777
YMM250928-00000417,SMF35967612,초고당도 감귤 신품종[유라실생] 4.5kg(실중량4kg),소과,4.5,1,35000.0,25000.0,10000,0.2857142857142857,0,7777.777777777777
YMM250928-00000418,SMF35967612,초고당도 감귤 신품종[유라실생] 4.5kg(실중량4kg),소과,4.5,1,35000.0,25000.0,10000,0.2857142857142857,0,7777.777777777777
YMM250928-00000419,SMF35967612,초고당도 감귤 신품종[유라실생] 4.5kg(실중량4kg),소과,4.5,1,35000.0,25000.0,10000,0.2857142857142857,0,7777.777777777777
YMM250928-00000420,SMF35967612,초고당도 감귤 신품종[유라실생] 4.5kg(실중량4kg),소과,7.0,1,51000.0,40000.0,11000,0.21568627450980393,0,7285.714285714285
YMM250928-00000421,SMF35967612,초고당도 감귤 신품종[유라실생] 4.5kg(실중량4kg),소과,7.0,1,51000.0,40000.0,11000,0.21568627450980393,0,7285.714285714285
YMM250928-00000423,SMF35967612,초고당도 감귤 신품종[유라실생] 4.5kg(실중량4kg),소과,4.5,1,35000.0,25000.0,10000,0.2857142857142857,0,7777.777777777777
YMM250928-00000424,SMF35967612,초고당도 감귤 신품종[유라실생] 4.5kg(실중량4kg),소과,7.0,1,51000.0,40000.0,11000,0.21568627450980393,0,7285.714285714285
YMM250928-00000425,SMF35967612,초고당도 감귤 신품종[유라실생] 4.5kg(실중량4kg),소과,4.5,1,35000.0,25000.0,10000,0.2857142857142857,0,7777.777777777777
YMM250928-00000426,SMF35967612,초고당도 감귤 신품종[유라실생] 4.5kg(실중량4kg),소과,4.5,1,35000.0,25000.0,10000,0.2857142857142857,0,7777.777777777777
YMM250928-00000427,SMF35967612,초고당도 감귤 신품종[유라실생] 4.5kg(실중량4kg),소과,4.5,1,35000.0,25000.0,10000,0.2857142857142857,0,7777.777777777777
YMM250928-00000428,SMF35967612,초고당도 감귤 신품종[유라실생] 4.5kg(실중량4kg),소과,4.5,1,35000.0,25000.0,10000,0.2857142857142857,0,7777.777777777777
YMM250928-00000430,SMF35967612,초고당도 감귤 신품종[유라실생] 4.5kg(실중량4kg),소과,4.5,1,35000.0,25000.0,10000,0.2857142857142857,0,7777.777777777777
YMM250928-00000431,SMF35967612,초고당도 감귤 신품종[유라실생] 4.5kg(실중량4kg),소과,7.0,1,51000.0,40000.0,11000,0.21568627450980393,0,7285.714285714285
YMM250928-00000432,SMF35967612,초고당도 감귤 신품종[유라실생] 4.5kg(실중량4kg),소과,4.5,1,35000.0,25000.0,10000,0.2857142857142857,0,7777.777777777777
YMM250928-00000433,SMF35967612,초고당도 감귤 신품종[유라실생] 4.5kg(실중량4kg),소과,7.0,1,51000.0,40000.0,11000,0.21568627450980393,0,7285.714285714285
YMM250928-00000434,SMF35967612,초고당도 감귤 신품종[유라실생] 4.5kg(실중량4kg),소과,4.5,1,35000.0,25000.0,10000,0.2857142857142857,0,7777.777777777777
YMM250928-00000435,SMF35967612,초고당도 감귤 신품종[유라실생] 4.5kg(실중량4kg),소과,4.5,1,35000.0,25000.0,10000,0.2857142857142857,0,7777.777777777777
YMM250928-00000436,SMF35967612,초고당도 감귤 신품종[유라실생] 4.5kg(실중량4kg),소과,4.5,1,35000.0,25000.0,10000,0.2857142857142857,0,7777.777777777777
YMM250928-00000437,SMF35967612,초고당도 감귤 신품종[유라실생] 4.5kg(실중량4kg),소과,4.5,1,35000.0,25000.0,10000,0.2857142857142857,0,7777.777777777777
YMM250928-00000438,SMF35967612,초고당도 감귤 신품종[유라실생] 4.5kg(실중량4kg),소과,4.5,1,35000.0,25000.0,10000,0.2857142857142857,0,7777.777777777777
YMM250928-00000439,SMF35967612,초고당도 감귤 신품종[유라실생] 4.5kg(실중량4kg),소과,7.0,1,51000.0,40000.0,11000,0.21568627450980393,0,7285.714285714285
YMM250928-00000440,SMF35967612,초고당도 감귤 신품종[유라실생] 4.5kg(실중량4kg),소과,4.5,1,35000.0,25000.0,10000,0.2857142857142857,0,7777.777777777777
YMM250928-00000441,SMF24654511,"제주 산지직송 황금향 선물세트 가정용 2kg, 3kg, 5kg",소과,5.0,1,42000.0,25000.0,17000,0.40476190476190477,0,8400.0
YMM250928-00000442,SMF35967612,초고당도 감귤 신품종[유라실생] 4.5kg(실중량4kg),소과,4.5,1,35000.0,25000.0,10000,0.2857142857142857,0,7777.777777777777
YMM250928-00000443,SMF35967612,초고당도 감귤 신품종[유라실생] 4.5kg(실중량4kg),소과,4.5,1,35000.0,25000.0,10000,0.2857142857142857,0,7777.777777777777
YMM250928-00000444,SMF35967612,초고당도 감귤 신품종[유라실생] 4.5kg(실중량4kg),소과,4.5,1,35000.0,25000.0,10000,0.2857142857142857,0,7777.777777777777
YMM250928-00000445,SMF35967612,초고당도 감귤 신품종[유라실생] 4.5kg(실중량4kg),소과,4.5,1,35000.0,25000.0,10000,0.2857142857142857,0,7777.777777777777
YMM250928-00000446,SMF35967612,초고당도 감귤 신품종[유라실생] 4.5kg(실중량4kg),소과,4.5,1,35000.0,25000.0,10000,0.2857142857142857,0,7777.777777777777
YMM250928-00000447,SMF24654511,"제주 산지직송 황금향 선물세트 가정용 2kg, 3kg, 5kg",소과,5.0,1,42000.0,25000.0,17000,0.40476190476190477,0,8400.0
YMM250928-00000448,SMF35967612,초고당도 감귤 신품종[유라실생] 4.5kg(실중량4kg),소과,4.5,1,35000.0,25000.0,10000,0.2857142857142857,0,7777.777777777777
YMM250928-00000450,SMF35967612,초고당도 감귤 신품종[유라실생] 4.5kg(실중량4kg),소과,4.5,1,35000.0,25000.0,10000,0.2857142857142857,0,7777.777777777777
YMM250928-00000451,SMF35967612,초고당도 감귤 신품종[유라실생] 4.5kg(실중량4kg),소과,7.0,1,51000.0,40000.0,11000,0.21568627450980393,0,7285.714285714285
YMM250928-00000453,SMF35967612,초고당도 감귤 신품종[유라실생] 4.5kg(실중량4kg),소과,4.5,1,35000.0,25000.0,10000,0.2857142857142857,0,7777.777777777777
YMM250928-00000454,SMF35967612,초고당도 감귤 신품종[유라실생] 4.5kg(실중량4kg),소과,4.5,1,35000.0,25000.0,10000,0.2857142857142857,0,7777.777777777777
YMM250928-00000455,SMF35967612,초고당도 감귤 신품종[유라실생] 4.5kg(실중량4kg),소과,4.5,1,35000.0,25000.0,10000,0.2857142857142857,0,7777.777777777777
YMM250928-00000456,SMF35967612,초고당도 감귤 신품종[유라실생] 4.5kg(실중량4kg),소과,4.5,1,35000.0,25000.0,10000,0.2857142857142857,0,7777.777777777777
YMM250928-00000457,SMF35967612,초고당도 감귤 신품종[유라실생] 4.5kg(실중량4kg),소과,4.5,1,35000.0,25000.0,10000,0.2857142857142857,0,7777.777777777777
YMM250928-00000462,SMF35967612,초고당도 감귤 신품종[유라실생] 4.5kg(실중량4kg),소과,4.5,1,35000.0,25000.0,10000,0.2857142857142857,0,7777.777777777777
YMM250928-00000463,SMF35967612,초고당도 감귤 신품종[유라실생] 4.5kg(실중량4kg),소과,7.0,1,51000.0,40000.0,11000,0.21568627450980393,0,7285.714285714285
YMM250928-00000465,SMF35967612,초고당도 감귤 신품종[유라실생] 4.5kg(실중량4kg),소과,4.5,1,35000.0,25000.0,10000,0.2857142857142857,0,7777.777777777777
YMM250928-00000468,SMF35967612,초고당도 감귤 신품종[유라실생] 4.5kg(실중량4kg),소과,4.5,1,35000.0,25000.0,10000,0.2857142857142857,0,7777.777777777777
YMM250928-00000469,SMF35967612,초고당도 감귤 신품종[유라실생] 4.5kg(실중량4kg),소과,4.5,1,35000.0,25000.0,10000,0.2857142857142857,0,7777.777777777777
YMM250928-00000470,SMF35967612,초고당도 감귤 신품종[유라실생] 4.5kg(실중량4kg),소과,4.5,1,35000.0,25000.0,10000,0.2857142857142857,0,7777.777777777777
YMM250928-00000471,SMF35967612,초고당도 감귤 신품종[유라실생] 4.5kg(실중량4kg),소과,4.5,1,35000.0,25000.0,10000,0.2857142857142857,0,7777.777777777777
YMM250928-00000473,SMF35967612,초고당도 감귤 신품종[유라실생] 4.5kg(실중량4kg),소과,4.5,1,35000.0,25000.0,10000,0.2857142857142857,0,7777.777777777777
YMM250928-00000474,SMF35967612,초고당도 감귤 신품종[유라실생] 4.5kg(실중량4kg),소과,4.5,1,35000.0,25000.0,10000,0.2857142857142857,0,7777.777777777777
YMM250928-00000475,SMF35967612,초고당도 감귤 신품종[유라실생] 4.5kg(실중량4kg),소과,4.5,1,35000.0,25000.0,10000,0.2857142857142857,0,7777.777777777777
YMM250928-00000476,SMF35967612,초고당도 감귤 신품종[유라실생] 4.5kg(실중량4kg),소과,7.0,1,51000.0,40000.0,11000,0.21568627450980393,0,7285.714285714285
YMM250928-00000477,SMF35967612,초고당도 감귤 신품종[유라실생] 4.5kg(실중량4kg),소과,7.0,1,51000.0,40000.0,11000,0.21568627450980393,0,7285.714285714285
YMM250928-00000479,SMF35967612,초고당도 감귤 신품종[유라실생] 4.5kg(실중량4kg),소과,4.5,1,35000.0,25000.0,10000,0.2857142857142857,0,7777.777777777777
YMM250928-00000480,SMF35967612,초고당도 감귤 신품종[유라실생] 4.5kg(실중량4kg),소과,4.5,1,35000.0,25000.0,10000,0.2857142857142857,0,7777.777777777777
YMM250928-00000481,SMF35967612,초고당도 감귤 신품종[유라실생] 4.5kg(실중량4kg),소과,4.5,1,35000.0,25000.0,10000,0.2857142857142857,0,7777.777777777777
YMM250928-00000482,SMF35967612,초고당도 감귤 신품종[유라실생] 4.5kg(실중량4kg),소과,4.5,4,35000.0,25000.0,40000,0.2857142857142857,0,31111.11111111111
YMM250928-00000483,SMF35967612,초고당도 감귤 신품종[유라실생] 4.5kg(실중량4kg),소과,4.5,1,35000.0,25000.0,10000,0.2857142857142857,0,7777.777777777777
YMM250928-00000484,SMF35967612,초고당도 감귤 신품종[유라실생] 4.5kg(실중량4kg),소과,7.0,1,51000.0,40000.0,11000,0.21568627450980393,0,7285.714285714285
YMM250928-00000485,SMF35967612,초고당도 감귤 신품종[유라실생] 4.5kg(실중량4kg),소과,4.5,1,35000.0,25000.0,10000,0.2857142857142857,0,7777.777777777777
YMM250928-00000486,SMF35967612,초고당도 감귤 신품종[유라실생] 4.5kg(실중량4kg),소과,4.5,1,35000.0,25000.0,10000,0.2857142857142857,0,7777.777777777777
YMM250928-00000487,SMF35967612,초고당도 감귤 신품종[유라실생] 4.5kg(실중량4kg),소과,7.0,1,51000.0,40000.0,11000,0.21568627450980393,0,7285.714285714285
YMM250928-00000488,SMF35967612,초고당도 감귤 신품종[유라실생] 4.5kg(실중량4kg),소과,7.0,1,51000.0,40000.0,11000,0.21568627450980393,0,7285.714285714285
YMM250928-00000489,SMF24654511,"제주 산지직송 황금향 선물세트 가정용 2kg, 3kg, 5kg",중대과,5.0,2,52000.0,40000.0,24000,0.23076923076923078,0,20800.0
YMM250928-00000490,SMF35967612,초고당도 감귤 신품종[유라실생] 4.5kg(실중량4kg),소과,4.5,1,35000.0,25000.0,10000,0.2857142857142857,0,7777.777777777777
YMM250928-00000491,SMF35967612,초고당도 감귤 신품종[유라실생] 4.5kg(실중량4kg),소과,4.5,1,35000.0,25000.0,10000,0.2857142857142857,0,7777.777777777777
YMM250928-00000492,SMF35967612,초고당도 감귤 신품종[유라실생] 4.5kg(실중량4kg),소과,4.5,1,35000.0,25000.0,10000,0.2857142857142857,0,7777.777777777777
YMM250928-00000493,SMF35967612,초고당도 감귤 신품종[유라실생] 4.5kg(실중량4kg),소과,4.5,1,35000.0,25000.0,10000,0.2857142857142857,0,7777.777777777777
YMM250928-00000494,SMF35967612,초고당도 감귤 신품종[유라실생] 4.5kg(실중량4kg),소과,7.0,1,51000.0,40000.0,11000,0.21568627450980393,0,7285.714285714285
YMM250928-00000496,SMF35967612,초고당도 감귤 신품종[유라실생] 4.5kg(실중량4kg),소과,4.5,1,35000.0,25000.0,10000,0.2857142857142857,0,7777.777777777777
YMM250928-00000497,SMF35967612,초고당도 감귤 신품종[유라실생] 4.5kg(실중량4kg),소과,4.5,1,35000.0,25000.0,10000,0.2857142857142857,0,7777.777777777777
YMM250928-00000498,SMF35967612,초고당도 감귤 신품종[유라실생] 4.5kg(실중량4kg),소과,7.0,1,51000.0,40000.0,11000,0.21568627450980393,0,7285.714285714285
YMM250928-00000499,SMF35967612,초고당도 감귤 신품종[유라실생] 4.5kg(실중량4kg),소과,4.5,1,35000.0,25000.0,10000,0.2857142857142857,0,7777.777777777777
YMM250928-00000500,SMF35967612,초고당도 감귤 신품종[유라실생] 4.5kg(실중량4kg),소과,4.5,1,35000.0,25000.0,10000,0.2857142857142857,0,7777.777777777777
YMM250928-00000501,SMF35967612,초고당도 감귤 신품종[유라실생] 4.5kg(실중량4kg),소과,4.5,1,35000.0,25000.0,10000,0.2857142857142857,0,7777.777777777777
YMM250928-00000502,SMF35967612,초고당도 감귤 신품종[유라실생] 4.5kg(실중량4kg),소과,4.5,1,35000.0,25000.0,10000,0.2857142857142857,0,7777.777777777777
YMM250928-00000503,SMF24654511,"제주 산지직송 황금향 선물세트 가정용 2kg, 3kg, 5kg",중대과,5.0,1,52000.0,40000.0,12000,0.23076923076923078,0,10400.0
YMM250928-00000504,SMF24654511,"제주 산지직송 황금향 선물세트 가정용 2kg, 3kg, 5kg",중대과,5.0,1,52000.0,40000.0,12000,0.23076923076923078,0,10400.0
YMM250928-00000505,SMF24654511,"제주 산지직송 황금향 선물세트 가정용 2kg, 3kg, 5kg",중대과,5.0,1,52000.0,40000.0,12000,0.23076923076923078,0,10400.0
YMM250928-00000510,SMF35967612,초고당도 감귤 신품종[유라실생] 4.5kg(실중량4kg),소과,4.5,1,35000.0,25000.0,10000,0.2857142857142857,0,7777.777777777777
YMM250928-00000511,SMF24654511,"제주 산지직송 황금향 선물세트 가정용 2kg, 3kg, 5kg",중대과,5.0,1,52000.0,40000.0,12000,0.23076923076923078,0,10400.0
YMM250928-00000512,SMF35967612,초고당도 감귤 신품종[유라실생] 4.5kg(실중량4kg),소과,4.5,1,35000.0,25000.0,10000,0.2857142857142857,0,7777.777777777777
YMM250928-00000514,SMF35967612,초고당도 감귤 신품종[유라실생] 4.5kg(실중량4kg),소과,4.5,1,35000.0,25000.0,10000,0.2857142857142857,0,7777.777777777777
YMM250928-00000516,SMF35967612,초고당도 감귤 신품종[유라실생] 4.5kg(실중량4kg),소과,4.5,1,35000.0,25000.0,10000,0.2857142857142857,0,7777.777777777777
YMM250928-00000517,SMF35967612,초고당도 감귤 신품종[유라실생] 4.5kg(실중량4kg),소과,4.5,1,35000.0,25000.0,10000,0.2857142857142857,0,7777.777777777777
YMM250928-00000519,SMF35967612,초고당도 감귤 신품종[유라실생] 4.5kg(실중량4kg),소과,4.5,1,35000.0,25000.0,10000,0.2857142857142857,0,7777.777777777777
YMM250928-00000521,SMF35967612,초고당도 감귤 신품종[유라실생] 4.5kg(실중량4kg),소과,4.5,1,35000.0,25000.0,10000,0.2857142857142857,0,7777.777777777777
YMM250928-00000523,SMF35967612,초고당도 감귤 신품종[유라실생] 4.5kg(실중량4kg),소과,4.5,1,35000.0,25000.0,10000,0.2857142857142857,0,7777.777777777777
YMM250929-00000001,SMF35967612,초고당도 감귤 신품종[유라실생] 4.5kg(실중량4kg),소과,4.5,1,35000.0,25000.0,10000,0.2857142857142857,0,7777.777777777777
YMM250929-00000002,SMF35967612,초고당도 감귤 신품종[유라실생] 4.5kg(실중량4kg),소과,4.5,1,35000.0,25000.0,10000,0.2857142857142857,0,7777.777777777777
YMM250929-00000003,SMF35967612,초고당도 감귤 신품종[유라실생] 4.5kg(실중량4kg),소과,4.5,1,35000.0,25000.0,10000,0.2857142857142857,0,7777.777777777777
YMM250929-00000004,SMF35967612,초고당도 감귤 신품종[유라실생] 4.5kg(실중량4kg),소과,4.5,1,35000.0,25000.0,10000,0.2857142857142857,0,7777.777777777777
YMM250929-00000005,SMF35967612,초고당도 감귤 신품종[유라실생] 4.5kg(실중량4kg),소과,4.5,1,35000.0,25000.0,10000,0.2857142857142857,0,7777.777777777777
YMM250929-00000006,SMF35967612,초고당도 감귤 신품종[유라실생] 4.5kg(실중량4kg),소과,4.5,1,35000.0,25000.0,10000,0.2857142857142857,0,7777.777777777777
YMM250929-00000007,SMF35967612,초고당도 감귤 신품종[유라실생] 4.5kg(실중량4kg),소과,4.5,1,35000.0,25000.0,10000,0.2857142857142857,0,7777.777777777777
YMM250929-00000008,SMF35967612,초고당도 감귤 신품종[유라실생] 4.5kg(실중량4kg),소과,7.0,1,51000.0,40000.0,11000,0.21568627450980393,0,7285.714285714285
YMM250929-00000011,SMF35967612,초고당도 감귤 신품종[유라실생] 4.5kg(실중량4kg),소과,4.5,1,35000.0,25000.0,10000,0.2857142857142857,0,7777.777777777777
YMM250929-00000012,SMF35967612,초고당도 감귤 신품종[유라실생] 4.5kg(실중량4kg),소과,4.5,1,35000.0,25000.0,10000,0.2857142857142857,0,7777.777777777777
YMM250929-00000013,SMF35967612,초고당도 감귤 신품종[유라실생] 4.5kg(실중량4kg),소과,7.0,1,51000.0,40000.0,11000,0.21568627450980393,0,7285.714285714285
YMM250929-00000014,SMF35967612,초고당도 감귤 신품종[유라실생] 4.5kg(실중량4kg),소과,4.5,1,35000.0,25000.0,10000,0.2857142857142857,0,7777.777777777777
YMM250929-00000015,SMF35967612,초고당도 감귤 신품종[유라실생] 4.5kg(실중량4kg),소과,4.5,1,35000.0,25000.0,10000,0.2857142857142857,0,7777.777777777777
YMM250929-00000016,SMF35967612,초고당도 감귤 신품종[유라실생] 4.5kg(실중량4kg),소과,4.5,1,35000.0,25000.0,10000,0.2857142857142857,0,7777.777777777777
YMM250929-00000017,SMF35967612,초고당도 감귤 신품종[유라실생] 4.5kg(실중량4kg),소과,4.5,1,35000.0,25000.0,10000,0.2857142857142857,0,7777.777777777777
YMM250929-00000018,SMF35967612,초고당도 감귤 신품종[유라실생] 4.5kg(실중량4kg),소과,7.0,1,51000.0,40000.0,11000,0.21568627450980393,0,7285.714285714285
YMM250929-00000021,SMF35967612,초고당도 감귤 신품종[유라실생] 4.5kg(실중량4kg),소과,4.5,1,35000.0,25000.0,10000,0.2857142857142857,0,7777.777777777777
YMM250929-00000024,SMF35967612,초고당도 감귤 신품종[유라실생] 4.5kg(실중량4kg),소과,7.0,1,51000.0,40000.0,11000,0.21568627450980393,0,7285.714285714285
YMM250929-00000026,SMF35967612,초고당도 감귤 신품종[유라실생] 4.5kg(실중량4kg),소과,4.5,1,35000.0,25000.0,10000,0.2857142857142857,0,7777.777777777777
YMM250929-00000027,SMF35967612,초고당도 감귤 신품종[유라실생] 4.5kg(실중량4kg),소과,4.5,1,35000.0,25000.0,10000,0.2857142857142857,0,7777.777777777777
YMM250929-00000028,SMF35967612,초고당도 감귤 신품종[유라실생] 4.5kg(실중량4kg),소과,4.5,1,35000.0,25000.0,10000,0.2857142857142857,0,7777.777777777777
YMM250929-00000029,SMF35967612,초고당도 감귤 신품종[유라실생] 4.5kg(실중량4kg),소과,4.5,1,35000.0,25000.0,10000,0.2857142857142857,0,7777.777777777777
YMM250929-00000030,SMF35967612,초고당도 감귤 신품종[유라실생] 4.5kg(실중량4kg),소과,4.5,1,35000.0,25000.0,10000,0.2857142857142857,0,7777.777777777777
YMM250929-00000031,SMF35967612,초고당도 감귤 신품종[유라실생] 4.5kg(실중량4kg),소과,4.5,1,35000.0,25000.0,10000,0.2857142857142857,0,7777.777777777777
YMM250929-00000032,SMF35967612,초고당도 감귤 신품종[유라실생] 4.5kg(실중량4kg),소과,4.5,1,35000.0,25000.0,10000,0.2857142857142857,0,7777.777777777777
YMM250929-00000033,SMF35967612,초고당도 감귤 신품종[유라실생] 4.5kg(실중량4kg),소과,4.5,1,35000.0,25000.0,10000,0.2857142857142857,0,7777.777777777777
YMM250929-00000034,SMF35967612,초고당도 감귤 신품종[유라실생] 4.5kg(실중량4kg),소과,4.5,1,35000.0,25000.0,10000,0.2857142857142857,0,7777.777777777777
YMM250929-00000035,SMF35967612,초고당도 감귤 신품종[유라실생] 4.5kg(실중량4kg),소과,4.5,1,35000.0,25000.0,10000,0.2857142857142857,0,7777.777777777777
YMM250929-00000036,SMF35967612,초고당도 감귤 신품종[유라실생] 4.5kg(실중량4kg),소과,7.0,1,51000.0,40000.0,11000,0.21568627450980393,0,7285.714285714285
YMM250929-00000037,SMF35967612,초고당도 감귤 신품종[유라실생] 4.5kg(실중량4kg),소과,4.5,1,35000.0,25000.0,10000,0.2857142857142857,0,7777.777777777777
YMM250929-00000038,SMF35967612,초고당도 감귤 신품종[유라실생] 4.5kg(실중량4kg),소과,4.5,1,35000.0,25000.0,10000,0.2857142857142857,0,7777.777777777777
YMM250929-00000039,SMF35967612,초고당도 감귤 신품종[유라실생] 4.5kg(실중량4kg),소과,4.5,1,35000.0,25000.0,10000,0.2857142857142857,0,7777.777777777777
YMM250929-00000041,SMF35967612,초고당도 감귤 신품종[유라실생] 4.5kg(실중량4kg),소과,7.0,1,51000.0,40000.0,11000,0.21568627450980393,0,7285.714285714285
YMM250929-00000042,SMF29718566,제주 산지직송 황금향 선물세트 가정용,중대과,3.0,1,39000.0,25000.0,14000,0.358974358974359,0,13000.0
YMM250929-00000043,SMF87846210,"2025 첫수확 노지감귤 가정용 3kg, 5kg",소과,3.0,1,17000.0,8800.0,8200,0.4823529411764706,0,5666.666666666667
YMM250929-00000044,SMF35967612,초고당도 감귤 신품종[유라실생] 4.5kg(실중량4kg),소과,7.0,1,51000.0,40000.0,11000,0.21568627450980393,0,7285.714285714285
YMM250929-00000047,SMF87846210,"2025 첫수확 노지감귤 가정용 3kg, 5kg",소과,5.0,1,24000.0,13300.0,10700,0.44583333333333336,0,4800.0
YMM250929-00000050,SMF35967612,초고당도 감귤 신품종[유라실생] 4.5kg(실중량4kg),소과,4.5,1,35000.0,25000.0,10000,0.2857142857142857,0,7777.777777777777
YMM250929-00000053,SMF35967612,초고당도 감귤 신품종[유라실생] 4.5kg(실중량4kg),소과,4.5,1,35000.0,25000.0,10000,0.2857142857142857,0,7777.777777777777
YMM250929-00000054,SMF35967612,초고당도 감귤 신품종[유라실생] 4.5kg(실중량4kg),소과,4.5,1,35000.0,25000.0,10000,0.2857142857142857,0,7777.777777777777
YMM250929-00000055,SMF35967612,초고당도 감귤 신품종[유라실생] 4.5kg(실중량4kg),소과,7.0,1,51000.0,40000.0,11000,0.21568627450980393,0,7285.714285714285
YMM250929-00000056,SMF35967612,초고당도 감귤 신품종[유라실생] 4.5kg(실중량4kg),소과,4.5,1,35000.0,25000.0,10000,0.2857142857142857,0,7777.777777777777
YMM250929-00000057,SMF35967612,초고당도 감귤 신품종[유라실생] 4.5kg(실중량4kg),소과,4.5,1,35000.0,25000.0,10000,0.2857142857142857,0,7777.777777777777
YMM250929-00000059,SMF35967612,초고당도 감귤 신품종[유라실생] 4.5kg(실중량4kg),소과,4.5,1,35000.0,25000.0,10000,0.2857142857142857,0,7777.777777777777
YMM250929-00000062,SMF87846210,"2025 첫수확 노지감귤 가정용 3kg, 5kg",로얄과,10.0,1,35000.0,23000.0,12000,0.34285714285714286,0,3500.0
YMM250929-00000064,SMF35967612,초고당도 감귤 신품종[유라실생] 4.5kg(실중량4kg),소과,7.0,1,51000.0,40000.0,11000,0.21568627450980393,0,7285.714285714285
YMM250929-00000065,SMF24654511,"제주 산지직송 황금향 선물세트 가정용 2kg, 3kg, 5kg",중대과,5.0,1,52000.0,40000.0,12000,0.23076923076923078,0,10400.0
YMM250929-00000066,SMF24654511,"제주 산지직송 황금향 선물세트 가정용 2kg, 3kg, 5kg",중대과,5.0,1,52000.0,40000.0,12000,0.23076923076923078,0,10400.0
YMM250929-00000067,SMF35967612,초고당도 감귤 신품종[유라실생] 4.5kg(실중량4kg),소과,7.0,1,51000.0,40000.0,11000,0.21568627450980393,0,7285.714285714285
YMM250929-00000068,SMF87846210,"2025 첫수확 노지감귤 가정용 3kg, 5kg",로얄과,10.0,1,35000.0,23000.0,12000,0.34285714285714286,0,3500.0
YMM250929-00000069,SMF35967612,초고당도 감귤 신품종[유라실생] 4.5kg(실중량4kg),소과,4.5,1,35000.0,25000.0,10000,0.2857142857142857,0,7777.777777777777
YMM250929-00000071,SMF87846210,"2025 첫수확 노지감귤 가정용 3kg, 5kg",로얄과,10.0,1,35000.0,23000.0,12000,0.34285714285714286,0,3500.0
YMM250929-00000072,SMF24654511,"제주 산지직송 황금향 선물세트 가정용 2kg, 3kg, 5kg",중대과,3.0,1,37000.0,25000.0,12000,0.32432432432432434,0,12333.333333333334
YMM250929-00000074,SMF29718566,제주 산지직송 황금향 선물세트 가정용,소과,3.0,1,32000.0,15800.0,16200,0.50625,0,10666.666666666666
YMM250929-00000075,SMF87846210,"2025 첫수확 노지감귤 가정용 3kg, 5kg",로얄과,10.0,1,35000.0,23000.0,12000,0.34285714285714286,0,3500.0
YMM250929-00000076,SMF35967612,초고당도 감귤 신품종[유라실생] 4.5kg(실중량4kg),소과,4.5,1,35000.0,25000.0,10000,0.2857142857142857,0,7777.777777777777
YMM250929-00000077,SMF87846210,"2025 첫수확 노지감귤 가정용 3kg, 5kg",로얄과,10.0,1,35000.0,23000.0,12000,0.34285714285714286,0,3500.0
YMM250929-00000078,SMF29718566,제주 산지직송 황금향 선물세트 가정용,중대과,3.0,1,39000.0,25000.0,14000,0.358974358974359,0,13000.0
YMM250929-00000079,SMF35967612,초고당도 감귤 신품종[유라실생] 4.5kg(실중량4kg),소과,4.5,1,35000.0,25000.0,10000,0.2857142857142857,0,7777.777777777777
YMM250929-00000081,SMF35967612,초고당도 감귤 신품종[유라실생] 4.5kg(실중량4kg),소과,4.5,1,35000.0,25000.0,10000,0.2857142857142857,0,7777.777777777777
YMM250929-00000083,SMF35967612,초고당도 감귤 신품종[유라실생] 4.5kg(실중량4kg),소과,4.5,1,35000.0,25000.0,10000,0.2857142857142857,0,7777.777777777777
YMM250929-00000084,SMF35967612,초고당도 감귤 신품종[유라실생] 4.5kg(실중량4kg),소과,4.5,1,35000.0,25000.0,10000,0.2857142857142857,0,7777.777777777777
YMM250929-00000086,SMF35967612,초고당도 감귤 신품종[유라실생] 4.5kg(실중량4kg),소과,4.5,1,35000.0,25000.0,10000,0.2857142857142857,0,7777.777777777777
YMM250929-00000087,SMF35967612,초고당도 감귤 신품종[유라실생] 4.5kg(실중량4kg),소과,4.5,1,35000.0,25000.0,10000,0.2857142857142857,0,7777.777777777777
YMM250929-00000089,SMF29718566,제주 산지직송 황금향 선물세트 가정용,중대과,3.0,1,39000.0,25000.0,14000,0.358974358974359,0,13000.0
YMM250929-00000090,SMF35967612,초고당도 감귤 신품종[유라실생] 4.5kg(실중량4kg),소과,4.5,1,35000.0,25000.0,10000,0.2857142857142857,0,7777.777777777777
YMM250929-00000091,SMF35967612,초고당도 감귤 신품종[유라실생] 4.5kg(실중량4kg),소과,4.5,1,35000.0,25000.0,10000,0.2857142857142857,0,7777.777777777777
YMM250929-00000092,SMF29718566,제주 산지직송 황금향 선물세트 가정용,중대과,3.0,1,39000.0,25000.0,14000,0.358974358974359,0,13000.0
YMM250929-00000093,SMF35967612,초고당도 감귤 신품종[유라실생] 4.5kg(실중량4kg),소과,4.5,1,35000.0,25000.0,10000,0.2857142857142857,0,7777.777777777777
YMM250929-00000094,SMF29718566,제주 산지직송 황금향 선물세트 가정용,중대과,3.0,1,39000.0,25000.0,14000,0.358974358974359,0,13000.0
YMM250929-00000097,SMF35967612,초고당도 감귤 신품종[유라실생] 4.5kg(실중량4kg),소과,4.5,1,35000.0,25000.0,10000,0.2857142857142857,0,7777.777777777777
YMM250929-00000098,SMF35967612,초고당도 감귤 신품종[유라실생] 4.5kg(실중량4kg),소과,7.0,1,51000.0,40000.0,11000,0.21568627450980393,0,7285.714285714285
YMM250929-00000099,SMF35967612,초고당도 감귤 신품종[유라실생] 4.5kg(실중량4kg),소과,7.0,1,51000.0,40000.0,11000,0.21568627450980393,0,7285.714285714285
YMM250929-00000100,SMF35967612,초고당도 감귤 신품종[유라실생] 4.5kg(실중량4kg),소과,4.5,1,35000.0,25000.0,10000,0.2857142857142857,0,7777.777777777777
YMM250929-00000101,SMF35967612,초고당도 감귤 신품종[유라실생] 4.5kg(실중량4kg),소과,7.0,1,51000.0,40000.0,11000,0.21568627450980393,0,7285.714285714285
YMM250929-00000102,SMF35967612,초고당도 감귤 신품종[유라실생] 4.5kg(실중량4kg),소과,4.5,1,35000.0,25000.0,10000,0.2857142857142857,0,7777.777777777777
YMM250929-00000103,SMF87846210,"2025 첫수확 노지감귤 가정용 3kg, 5kg",로얄과,10.0,1,35000.0,23000.0,12000,0.34285714285714286,0,3500.0
YMM250929-00000107,SMF29718566,제주 산지직송 황금향 선물세트 가정용,중대과,5.0,1,54000.0,40000.0,14000,0.25925925925925924,0,10800.0
YMM250929-00000108,SMF35967612,초고당도 감귤 신품종[유라실생] 4.5kg(실중량4kg),소과,4.5,1,35000.0,25000.0,10000,0.2857142857142857,0,7777.777777777777
YMM250929-00000109,SMF35967612,초고당도 감귤 신품종[유라실생] 4.5kg(실중량4kg),소과,4.5,1,35000.0,25000.0,10000,0.2857142857142857,0,7777.777777777777
YMM250929-00000110,SMF29718566,제주 산지직송 황금향 선물세트 가정용,중대과,3.0,1,39000.0,25000.0,14000,0.358974358974359,0,13000.0
YMM250929-00000111,SMF29718566,제주 산지직송 황금향 선물세트 가정용,중대과,3.0,5,39000.0,25000.0,70000,0.358974358974359,0,65000.0
YMM250929-00000112,SMF35967612,초고당도 감귤 신품종[유라실생] 4.5kg(실중량4kg),소과,4.5,1,35000.0,25000.0,10000,0.2857142857142857,0,7777.777777777777
YMM250929-00000113,SMF29718566,제주 산지직송 황금향 선물세트 가정용,소과,5.0,1,42000.0,25000.0,17000,0.40476190476190477,0,8400.0
YMM250929-00000114,SMF35967612,초고당도 감귤 신품종[유라실생] 4.5kg(실중량4kg),소과,4.5,1,35000.0,25000.0,10000,0.2857142857142857,0,7777.777777777777
YMM250929-00000115,SMF35967612,초고당도 감귤 신품종[유라실생] 4.5kg(실중량4kg),소과,7.0,1,51000.0,40000.0,11000,0.21568627450980393,0,7285.714285714285
YMM250929-00000116,SMF35967612,초고당도 감귤 신품종[유라실생] 4.5kg(실중량4kg),소과,4.5,1,35000.0,25000.0,10000,0.2857142857142857,0,7777.777777777777
YMM250929-00000117,SMF35967612,초고당도 감귤 신품종[유라실생] 4.5kg(실중량4kg),소과,7.0,1,51000.0,40000.0,11000,0.21568627450980393,0,7285.714285714285
YMM250929-00000118,SMF35967612,초고당도 감귤 신품종[유라실생] 4.5kg(실중량4kg),소과,7.0,2,51000.0,40000.0,22000,0.21568627450980393,0,14571.42857142857
YMM250929-00000119,SMF35967612,초고당도 감귤 신품종[유라실생] 4.5kg(실중량4kg),소과,7.0,1,51000.0,40000.0,11000,0.21568627450980393,0,7285.714285714285
YMM250929-00000121,SMF29718566,제주 산지직송 황금향 선물세트 가정용,중대과,5.0,1,54000.0,40000.0,14000,0.25925925925925924,0,10800.0
YMM250929-00000122,SMF29718566,제주 산지직송 황금향 선물세트 가정용,중대과,3.0,7,39000.0,25000.0,98000,0.358974358974359,0,91000.0
YMM250929-00000123,SMF29718566,제주 산지직송 황금향 선물세트 가정용,중대과,5.0,1,54000.0,40000.0,14000,0.25925925925925924,0,10800.0
YMM250929-00000124,SMF87846210,"2025 첫수확 노지감귤 가정용 3kg, 5kg",로얄과,5.0,1,24000.0,13300.0,10700,0.44583333333333336,0,4800.0
YMM250929-00000125,SMF35967612,초고당도 감귤 신품종[유라실생] 4.5kg(실중량4kg),소과,7.0,2,51000.0,40000.0,22000,0.21568627450980393,0,14571.42857142857
YMM250929-00000126,SMF35967612,초고당도 감귤 신품종[유라실생] 4.5kg(실중량4kg),소과,4.5,1,35000.0,25000.0,10000,0.2857142857142857,0,7777.777777777777
YMM250929-00000127,SMF35967612,초고당도 감귤 신품종[유라실생] 4.5kg(실중량4kg),소과,7.0,1,51000.0,40000.0,11000,0.21568627450980393,0,7285.714285714285
YMM250929-00000128,SMF87846210,"2025 첫수확 노지감귤 가정용 3kg, 5kg",로얄과,10.0,1,35000.0,23000.0,12000,0.34285714285714286,0,3500.0
YMM250929-00000129,SMF35967612,초고당도 감귤 신품종[유라실생] 4.5kg(실중량4kg),소과,7.0,2,51000.0,40000.0,22000,0.21568627450980393,0,14571.42857142857
YMM250929-00000130,SMF35967612,초고당도 감귤 신품종[유라실생] 4.5kg(실중량4kg),소과,4.5,1,35000.0,25000.0,10000,0.2857142857142857,0,7777.777777777777
YMM250929-00000131,SMF35967612,초고당도 감귤 신품종[유라실생] 4.5kg(실중량4kg),소과,4.5,1,35000.0,25000.0,10000,0.2857142857142857,0,7777.777777777777
YMM250929-00000132,SMF87846210,"2025 첫수확 노지감귤 가정용 3kg, 5kg",소과,10.0,1,35000.0,23000.0,12000,0.34285714285714286,0,3500.0
YMM250929-00000133,SMF87846210,"2025 첫수확 노지감귤 가정용 3kg, 5kg",로얄과,10.0,1,35000.0,23000.0,12000,0.34285714285714286,0,3500.0
YMM250929-00000134,SMF35967612,초고당도 감귤 신품종[유라실생] 4.5kg(실중량4kg),소과,4.5,1,35000.0,25000.0,10000,0.2857142857142857,0,7777.777777777777
YMM250929-00000136,SMF35967612,초고당도 감귤 신품종[유라실생] 4.5kg(실중량4kg),소과,7.0,1,51000.0,40000.0,11000,0.21568627450980393,0,7285.714285714285
YMM250929-00000137,SMF29718566,제주 산지직송 황금향 선물세트 가정용,소과,5.0,1,42000.0,25000.0,17000,0.40476190476190477,0,8400.0
YMM250929-00000138,SMF35967612,초고당도 감귤 신품종[유라실생] 4.5kg(실중량4kg),소과,4.5,1,35000.0,25000.0,10000,0.2857142857142857,0,7777.777777777777
YMM250929-00000139,SMF87846210,"2025 첫수확 노지감귤 가정용 3kg, 5kg",소과,3.0,1,17000.0,8800.0,8200,0.4823529411764706,0,5666.666666666667
YMM250929-00000140,SMF35967612,초고당도 감귤 신품종[유라실생] 4.5kg(실중량4kg),소과,4.5,1,35000.0,25000.0,10000,0.2857142857142857,0,7777.777777777777
YMM250929-00000141,SMF35967612,초고당도 감귤 신품종[유라실생] 4.5kg(실중량4kg),소과,7.0,1,51000.0,40000.0,11000,0.21568627450980393,0,7285.714285714285
YMM250929-00000142,SMF35967612,초고당도 감귤 신품종[유라실생] 4.5kg(실중량4kg),소과,4.5,1,35000.0,25000.0,10000,0.2857142857142857,0,7777.777777777777
YMM250929-00000144,SMF35967612,초고당도 감귤 신품종[유라실생] 4.5kg(실중량4kg),소과,4.5,1,35000.0,25000.0,10000,0.2857142857142857,0,7777.777777777777
YMM250929-00000145,SMF35967612,초고당도 감귤 신품종[유라실생] 4.5kg(실중량4kg),소과,4.5,1,35000.0,25000.0,10000,0.2857142857142857,0,7777.777777777777
YMM250929-00000147,SMF24654511,"제주 산지직송 황금향 선물세트 가정용 2kg, 3kg, 5kg",중대과,3.0,3,37000.0,25000.0,36000,0.32432432432432434,0,37000.0
YMM250929-00000148,SMF35967612,초고당도 감귤 신품종[유라실생] 4.5kg(실중량4kg),소과,7.0,1,51000.0,40000.0,11000,0.21568627450980393,0,7285.714285714285
YMM250929-00000149,SMF35967612,초고당도 감귤 신품종[유라실생] 4.5kg(실중량4kg),소과,7.0,1,51000.0,40000.0,11000,0.21568627450980393,0,7285.714285714285
YMM250929-00000150,SMF35967612,초고당도 감귤 신품종[유라실생] 4.5kg(실중량4kg),소과,7.0,1,51000.0,40000.0,11000,0.21568627450980393,0,7285.714285714285
YMM250929-00000151,SMF35967612,초고당도 감귤 신품종[유라실생] 4.5kg(실중량4kg),소과,4.5,1,35000.0,25000.0,10000,0.2857142857142857,0,7777.777777777777
YMM250929-00000152,SMF35967612,초고당도 감귤 신품종[유라실생] 4.5kg(실중량4kg),소과,4.5,1,35000.0,25000.0,10000,0.2857142857142857,0,7777.777777777777
YMM250929-00000153,SMF35967612,초고당도 감귤 신품종[유라실생] 4.5kg(실중량4kg),소과,4.5,1,35000.0,25000.0,10000,0.2857142857142857,0,7777.777777777777
YMM250929-00000154,SMF35967612,초고당도 감귤 신품종[유라실생] 4.5kg(실중량4kg),소과,4.5,1,35000.0,25000.0,10000,0.2857142857142857,0,7777.777777777777
YMM250929-00000155,SMF35967612,초고당도 감귤 신품종[유라실생] 4.5kg(실중량4kg),소과,7.0,2,43000.0,32500.0,21000,0.2441860465116279,0,12285.714285714286
YMM250929-00000156,SMF35967612,초고당도 감귤 신품종[유라실생] 4.5kg(실중량4kg),소과,7.0,1,51000.0,40000.0,11000,0.21568627450980393,0,7285.714285714285
YMM250929-00000157,SMF35967612,초고당도 감귤 신품종[유라실생] 4.5kg(실중량4kg),소과,4.5,1,35000.0,25000.0,10000,0.2857142857142857,0,7777.777777777777
YMM250929-00000158,SMF87846210,"2025 첫수확 노지감귤 가정용 3kg, 5kg",로얄과,10.0,3,35000.0,23000.0,36000,0.34285714285714286,0,10500.0
YMM250929-00000159,SMF87846210,"2025 첫수확 노지감귤 가정용 3kg, 5kg",로얄과,10.0,1,35000.0,23000.0,12000,0.34285714285714286,0,3500.0
YMM250929-00000161,SMF35967612,초고당도 감귤 신품종[유라실생] 4.5kg(실중량4kg),소과,4.5,1,35000.0,25000.0,10000,0.2857142857142857,0,7777.777777777777
YMM250929-00000162,SMF35967612,초고당도 감귤 신품종[유라실생] 4.5kg(실중량4kg),소과,4.5,1,35000.0,25000.0,10000,0.2857142857142857,0,7777.777777777777
YMM250929-00000163,SMF87846210,"2025 첫수확 노지감귤 가정용 3kg, 5kg",로얄과,3.0,1,17000.0,8800.0,8200,0.4823529411764706,0,5666.666666666667
YMM250929-00000164,SMF35967612,초고당도 감귤 신품종[유라실생] 4.5kg(실중량4kg),소과,4.5,1,35000.0,25000.0,10000,0.2857142857142857,0,7777.777777777777
YMM250929-00000165,SMF35967612,초고당도 감귤 신품종[유라실생] 4.5kg(실중량4kg),소과,7.0,1,51000.0,40000.0,11000,0.21568627450980393,0,7285.714285714285
YMM250929-00000166,SMF29718566,제주 산지직송 황금향 선물세트 가정용,중대과,3.0,5,39000.0,25000.0,70000,0.358974358974359,0,65000.0
YMM250929-00000167,SMF35967612,초고당도 감귤 신품종[유라실생] 4.5kg(실중량4kg),소과,4.5,1,35000.0,25000.0,10000,0.2857142857142857,0,7777.777777777777
YMM250929-00000168,SMF87846210,"2025 첫수확 노지감귤 가정용 3kg, 5kg",소과,3.0,1,17000.0,8800.0,8200,0.4823529411764706,0,5666.666666666667
YMM250929-00000169,SMF35967612,초고당도 감귤 신품종[유라실생] 4.5kg(실중량4kg),소과,4.5,1,35000.0,25000.0,10000,0.2857142857142857,0,7777.777777777777
YMM250929-00000170,SMF87846210,"2025 첫수확 노지감귤 가정용 3kg, 5kg",소과,3.0,20,17000.0,8800.0,164000,0.4823529411764706,0,113333.33333333333
YMM250929-00000171,SMF35967612,초고당도 감귤 신품종[유라실생] 4.5kg(실중량4kg),소과,4.5,1,35000.0,25000.0,10000,0.2857142857142857,0,7777.777777777777
YMM250929-00000172,SMF87846210,"2025 첫수확 노지감귤 가정용 3kg, 5kg",소과,3.0,10,17000.0,8800.0,82000,0.4823529411764706,0,56666.666666666664
YMM250929-00000173,SMF35967612,초고당도 감귤 신품종[유라실생] 4.5kg(실중량4kg),소과,4.5,1,35000.0,25000.0,10000,0.2857142857142857,0,7777.777777777777
YMM250929-00000174,SMF35967612,초고당도 감귤 신품종[유라실생] 4.5kg(실중량4kg),소과,4.5,1,35000.0,25000.0,10000,0.2857142857142857,0,7777.777777777777
YMM250929-00000175,SMF35967612,초고당도 감귤 신품종[유라실생] 4.5kg(실중량4kg),소과,4.5,1,35000.0,25000.0,10000,0.2857142857142857,0,7777.777777777777
YMM250929-00000176,SMF29718566,제주 산지직송 황금향 선물세트 가정용,중대과,3.0,1,39000.0,25000.0,14000,0.358974358974359,0,13000.0
YMM250929-00000177,SMF35967612,초고당도 감귤 신품종[유라실생] 4.5kg(실중량4kg),소과,7.0,1,51000.0,40000.0,11000,0.21568627450980393,0,7285.714285714285
YMM250929-00000178,SMF87846210,"2025 첫수확 노지감귤 가정용 3kg, 5kg",로얄과,5.0,1,24000.0,13300.0,10700,0.44583333333333336,0,4800.0
YMM250929-00000179,SMF87846210,"2025 첫수확 노지감귤 가정용 3kg, 5kg",소과,10.0,1,35000.0,23000.0,12000,0.34285714285714286,0,3500.0
YMM250929-00000180,SMF35967612,초고당도 감귤 신품종[유라실생] 4.5kg(실중량4kg),소과,4.5,1,35000.0,25000.0,10000,0.2857142857142857,0,7777.777777777777
YMM250929-00000181,SMF35967612,초고당도 감귤 신품종[유라실생] 4.5kg(실중량4kg),소과,4.5,1,35000.0,25000.0,10000,0.2857142857142857,0,7777.777777777777
YMM250929-00000182,SMF35967612,초고당도 감귤 신품종[유라실생] 4.5kg(실중량4kg),소과,4.5,1,35000.0,25000.0,10000,0.2857142857142857,0,7777.777777777777
YMM250929-00000183,SMF87846210,"2025 첫수확 노지감귤 가정용 3kg, 5kg",소과,10.0,1,35000.0,23000.0,12000,0.34285714285714286,0,3500.0
YMM250929-00000185,SMF35967612,초고당도 감귤 신품종[유라실생] 4.5kg(실중량4kg),소과,4.5,1,35000.0,25000.0,10000,0.2857142857142857,0,7777.777777777777
YMM250929-00000186,SMF35967612,초고당도 감귤 신품종[유라실생] 4.5kg(실중량4kg),소과,7.0,1,51000.0,40000.0,11000,0.21568627450980393,0,7285.714285714285
YMM250929-00000188,SMF29718566,제주 산지직송 황금향 선물세트 가정용,소과,5.0,1,42000.0,25000.0,17000,0.40476190476190477,0,8400.0
YMM250929-00000189,SMF82923688,"제주 산지직송 하우스감귤 2kg, 4kg, 4.5kg 소과 로얄과 중대과",로얄과,4.5,1,50000.0,30000.0,20000,0.4,0,11111.111111111111
YMM250929-00000190,SMF24654511,"제주 산지직송 황금향 선물세트 가정용 2kg, 3kg, 5kg",중대과,5.0,1,52000.0,40000.0,12000,0.23076923076923078,0,10400.0
YMM250929-00000191,SMF29718566,제주 산지직송 황금향 선물세트 가정용,소과,5.0,1,42000.0,25000.0,17000,0.40476190476190477,0,8400.0
YMM250929-00000192,SMF35967612,초고당도 감귤 신품종[유라실생] 4.5kg(실중량4kg),소과,4.5,1,35000.0,25000.0,10000,0.2857142857142857,0,7777.777777777777
YMM250929-00000194,SMF35967612,초고당도 감귤 신품종[유라실생] 4.5kg(실중량4kg),소과,4.5,1,35000.0,25000.0,10000,0.2857142857142857,0,7777.777777777777
YMM250929-00000195,SMF35967612,초고당도 감귤 신품종[유라실생] 4.5kg(실중량4kg),소과,4.5,1,35000.0,25000.0,10000,0.2857142857142857,0,7777.777777777777
YMM250929-00000198,SMF35967612,초고당도 감귤 신품종[유라실생] 4.5kg(실중량4kg),소과,4.5,1,35000.0,25000.0,10000,0.2857142857142857,0,7777.777777777777
YMM250929-00000200,SMF29718566,제주 산지직송 황금향 선물세트 가정용,중대과,3.0,1,39000.0,25000.0,14000,0.358974358974359,0,13000.0
YMM250929-00000203,SMF35967612,초고당도 감귤 신품종[유라실생] 4.5kg(실중량4kg),소과,7.0,1,51000.0,40000.0,11000,0.21568627450980393,0,7285.714285714285
YMM250929-00000204,SMF35967612,초고당도 감귤 신품종[유라실생] 4.5kg(실중량4kg),소과,4.5,2,43000.0,32500.0,21000,0.2441860465116279,0,19111.11111111111
YMM250929-00000205,SMF35967612,초고당도 감귤 신품종[유라실생] 4.5kg(실중량4kg),소과,7.0,1,51000.0,40000.0,11000,0.21568627450980393,0,7285.714285714285
YMM250929-00000206,SMF35967612,초고당도 감귤 신품종[유라실생] 4.5kg(실중량4kg),소과,7.0,1,51000.0,40000.0,11000,0.21568627450980393,0,7285.714285714285
YMM250929-00000207,SMF35967612,초고당도 감귤 신품종[유라실생] 4.5kg(실중량4kg),소과,4.5,1,35000.0,25000.0,10000,0.2857142857142857,0,7777.777777777777
YMM250929-00000208,SMF35967612,초고당도 감귤 신품종[유라실생] 4.5kg(실중량4kg),소과,4.5,1,35000.0,25000.0,10000,0.2857142857142857,0,7777.777777777777
YMM250929-00000209,SMF35967612,초고당도 감귤 신품종[유라실생] 4.5kg(실중량4kg),소과,4.5,1,35000.0,25000.0,10000,0.2857142857142857,0,7777.777777777777
YMM250929-00000210,SMF29718566,제주 산지직송 황금향 선물세트 가정용,중대과,3.0,1,39000.0,25000.0,14000,0.358974358974359,0,13000.0
YMM250929-00000211,SMF35967612,초고당도 감귤 신품종[유라실생] 4.5kg(실중량4kg),소과,7.0,1,51000.0,40000.0,11000,0.21568627450980393,0,7285.714285714285
YMM250929-00000212,SMF35967612,초고당도 감귤 신품종[유라실생] 4.5kg(실중량4kg),소과,4.5,1,35000.0,25000.0,10000,0.2857142857142857,0,7777.777777777777
YMM250929-00000213,SMF35967612,초고당도 감귤 신품종[유라실생] 4.5kg(실중량4kg),소과,4.5,1,35000.0,25000.0,10000,0.2857142857142857,0,7777.777777777777
YMM250929-00000215,SMF35967612,초고당도 감귤 신품종[유라실생] 4.5kg(실중량4kg),소과,4.5,1,35000.0,25000.0,10000,0.2857142857142857,0,7777.777777777777
YMM250929-00000216,SMF35967612,초고당도 감귤 신품종[유라실생] 4.5kg(실중량4kg),소과,4.5,1,35000.0,25000.0,10000,0.2857142857142857,0,7777.777777777777
YMM250929-00000217,SMF35967612,초고당도 감귤 신품종[유라실생] 4.5kg(실중량4kg),소과,7.0,1,51000.0,40000.0,11000,0.21568627450980393,0,7285.714285714285
YMM250929-00000218,SMF87846210,"2025 첫수확 노지감귤 가정용 3kg, 5kg",로얄과,5.0,1,24000.0,13300.0,10700,0.44583333333333336,0,4800.0
YMM250929-00000219,SMF35967612,초고당도 감귤 신품종[유라실생] 4.5kg(실중량4kg),소과,4.5,2,35000.0,25000.0,20000,0.2857142857142857,0,15555.555555555555
YMM250929-00000220,SMF29718566,제주 산지직송 황금향 선물세트 가정용,중대과,3.0,1,39000.0,25000.0,14000,0.358974358974359,0,13000.0
YMM250929-00000221,SMF35967612,초고당도 감귤 신품종[유라실생] 4.5kg(실중량4kg),소과,4.5,1,35000.0,25000.0,10000,0.2857142857142857,0,7777.777777777777
YMM250929-00000222,SMF35967612,초고당도 감귤 신품종[유라실생] 4.5kg(실중량4kg),소과,4.5,1,35000.0,25000.0,10000,0.2857142857142857,0,7777.777777777777
YMM250929-00000223,SMF87846210,"2025 첫수확 노지감귤 가정용 3kg, 5kg",로얄과,5.0,1,24000.0,13300.0,10700,0.44583333333333336,0,4800.0
YMM250929-00000224,SMF87846210,"2025 첫수확 노지감귤 가정용 3kg, 5kg",로얄과,3.0,1,17000.0,8800.0,8200,0.4823529411764706,0,5666.666666666667
YMM250929-00000225,SMF35967612,초고당도 감귤 신품종[유라실생] 4.5kg(실중량4kg),소과,4.5,1,35000.0,25000.0,10000,0.2857142857142857,0,7777.777777777777
YMM250929-00000226,SMF35967612,초고당도 감귤 신품종[유라실생] 4.5kg(실중량4kg),소과,4.5,1,35000.0,25000.0,10000,0.2857142857142857,0,7777.777777777777
YMM250929-00000228,SMF87846210,"2025 첫수확 노지감귤 가정용 3kg, 5kg",소과,5.0,1,24000.0,13300.0,10700,0.44583333333333336,0,4800.0
YMM250929-00000230,SMF29718566,제주 산지직송 황금향 선물세트 가정용,소과,3.0,1,32000.0,15800.0,16200,0.50625,0,10666.666666666666
YMM250929-00000231,SMF87846210,"2025 첫수확 노지감귤 가정용 3kg, 5kg",소과,5.0,1,24000.0,13300.0,10700,0.44583333333333336,0,4800.0
YMM250929-00000232,SMF35967612,초고당도 감귤 신품종[유라실생] 4.5kg(실중량4kg),소과,4.5,1,35000.0,25000.0,10000,0.2857142857142857,0,7777.777777777777
YMM250929-00000233,SMF87846210,"2025 첫수확 노지감귤 가정용 3kg, 5kg",소과,3.0,1,17000.0,8800.0,8200,0.4823529411764706,0,5666.666666666667
YMM250929-00000234,SMF35967612,초고당도 감귤 신품종[유라실생] 4.5kg(실중량4kg),소과,4.5,1,35000.0,25000.0,10000,0.2857142857142857,0,7777.777777777777
YMM250929-00000235,SMF35967612,초고당도 감귤 신품종[유라실생] 4.5kg(실중량4kg),소과,4.5,1,35000.0,25000.0,10000,0.2857142857142857,0,7777.777777777777
YMM250929-00000236,SMF35967612,초고당도 감귤 신품종[유라실생] 4.5kg(실중량4kg),소과,4.5,1,35000.0,25000.0,10000,0.2857142857142857,0,7777.777777777777
YMM250929-00000237,SMF87846210,"2025 첫수확 노지감귤 가정용 3kg, 5kg",소과,3.0,1,17000.0,8800.0,8200,0.4823529411764706,0,5666.666666666667
YMM250929-00000238,SMF35967612,초고당도 감귤 신품종[유라실생] 4.5kg(실중량4kg),소과,4.5,1,35000.0,25000.0,10000,0.2857142857142857,0,7777.777777777777
YMM250929-00000239,SMF87846210,"2025 첫수확 노지감귤 가정용 3kg, 5kg",소과,5.0,1,24000.0,13300.0,10700,0.44583333333333336,0,4800.0
YMM250929-00000240,SMF87846210,"2025 첫수확 노지감귤 가정용 3kg, 5kg",소과,3.0,1,17000.0,8800.0,8200,0.4823529411764706,0,5666.666666666667
YMM250929-00000241,SMF35967612,초고당도 감귤 신품종[유라실생] 4.5kg(실중량4kg),소과,4.5,1,35000.0,25000.0,10000,0.2857142857142857,0,7777.777777777777
YMM250929-00000243,SMF35967612,초고당도 감귤 신품종[유라실생] 4.5kg(실중량4kg),소과,4.5,1,35000.0,25000.0,10000,0.2857142857142857,0,7777.777777777777
YMM250929-00000244,SMF35967612,초고당도 감귤 신품종[유라실생] 4.5kg(실중량4kg),소과,7.0,1,51000.0,40000.0,11000,0.21568627450980393,0,7285.714285714285
YMM250929-00000245,SMF87846210,"2025 첫수확 노지감귤 가정용 3kg, 5kg",로얄과,3.0,1,17000.0,8800.0,8200,0.4823529411764706,0,5666.666666666667
YMM250929-00000246,SMF87846210,"2025 첫수확 노지감귤 가정용 3kg, 5kg",소과,3.0,5,17000.0,8800.0,41000,0.4823529411764706,0,28333.333333333332
YMM250929-00000247,SMF35967612,초고당도 감귤 신품종[유라실생] 4.5kg(실중량4kg),소과,4.5,1,35000.0,25000.0,10000,0.2857142857142857,0,7777.777777777777
YMM250929-00000248,SMF87846210,"2025 첫수확 노지감귤 가정용 3kg, 5kg",소과,3.0,1,17000.0,8800.0,8200,0.4823529411764706,0,5666.666666666667
YMM250929-00000249,SMF87846210,"2025 첫수확 노지감귤 가정용 3kg, 5kg",로얄과,3.0,1,17000.0,8800.0,8200,0.4823529411764706,0,5666.666666666667
YMM250929-00000250,SMF87846210,"2025 첫수확 노지감귤 가정용 3kg, 5kg",로얄과,3.0,1,17000.0,8800.0,8200,0.4823529411764706,0,5666.666666666667
YMM250929-00000251,SMF35967612,초고당도 감귤 신품종[유라실생] 4.5kg(실중량4kg),소과,4.5,1,35000.0,25000.0,10000,0.2857142857142857,0,7777.777777777777
YMM250929-00000252,SMF35967612,초고당도 감귤 신품종[유라실생] 4.5kg(실중량4kg),소과,4.5,1,35000.0,25000.0,10000,0.2857142857142857,0,7777.777777777777
YMM250929-00000253,SMF35967612,초고당도 감귤 신품종[유라실생] 4.5kg(실중량4kg),소과,7.0,1,51000.0,40000.0,11000,0.21568627450980393,0,7285.714285714285
YMM250929-00000254,SMF87846210,"2025 첫수확 노지감귤 가정용 3kg, 5kg",로얄과,10.0,1,35000.0,23000.0,12000,0.34285714285714286,0,3500.0
YMM250929-00000255,SMF35967612,초고당도 감귤 신품종[유라실생] 4.5kg(실중량4kg),소과,4.5,1,35000.0,25000.0,10000,0.2857142857142857,0,7777.777777777777
YMM250929-00000256,SMF35967612,초고당도 감귤 신품종[유라실생] 4.5kg(실중량4kg),소과,7.0,1,51000.0,40000.0,11000,0.21568627450980393,0,7285.714285714285
YMM250929-00000257,SMF35967612,초고당도 감귤 신품종[유라실생] 4.5kg(실중량4kg),소과,4.5,1,35000.0,25000.0,10000,0.2857142857142857,0,7777.777777777777
YMM250929-00000258,SMF87846210,"2025 첫수확 노지감귤 가정용 3kg, 5kg",소과,10.0,1,35000.0,23000.0,12000,0.34285714285714286,0,3500.0
YMM250929-00000259,SMF87846210,"2025 첫수확 노지감귤 가정용 3kg, 5kg",로얄과,10.0,1,35000.0,23000.0,12000,0.34285714285714286,0,3500.0
YMM250929-00000260,SMF35967612,초고당도 감귤 신품종[유라실생] 4.5kg(실중량4kg),소과,4.5,1,35000.0,25000.0,10000,0.2857142857142857,0,7777.777777777777
YMM250929-00000261,SMF87846210,"2025 첫수확 노지감귤 가정용 3kg, 5kg",로얄과,3.0,1,17000.0,8800.0,8200,0.4823529411764706,0,5666.666666666667
YMM250929-00000263,SMF35967612,초고당도 감귤 신품종[유라실생] 4.5kg(실중량4kg),소과,4.5,1,35000.0,25000.0,10000,0.2857142857142857,0,7777.777777777777
YMM250929-00000264,SMF29718566,제주 산지직송 황금향 선물세트 가정용,중대과,5.0,1,54000.0,40000.0,14000,0.25925925925925924,0,10800.0
YMM250929-00000266,SMF35967612,초고당도 감귤 신품종[유라실생] 4.5kg(실중량4kg),소과,4.5,1,35000.0,25000.0,10000,0.2857142857142857,0,7777.777777777777
YMM250929-00000267,SMF35967612,초고당도 감귤 신품종[유라실생] 4.5kg(실중량4kg),소과,4.5,2,35000.0,25000.0,20000,0.2857142857142857,0,15555.555555555555
YMM250929-00000268,SMF35967612,초고당도 감귤 신품종[유라실생] 4.5kg(실중량4kg),소과,4.5,1,35000.0,25000.0,10000,0.2857142857142857,0,7777.777777777777
YMM250929-00000269,SMF87846210,"2025 첫수확 노지감귤 가정용 3kg, 5kg",로얄과,10.0,1,35000.0,23000.0,12000,0.34285714285714286,0,3500.0
YMM250929-00000270,SMF87846210,"2025 첫수확 노지감귤 가정용 3kg, 5kg",소과,3.0,1,17000.0,8800.0,8200,0.4823529411764706,0,5666.666666666667
YMM250929-00000272,SMF35967612,초고당도 감귤 신품종[유라실생] 4.5kg(실중량4kg),소과,4.5,1,35000.0,25000.0,10000,0.2857142857142857,0,7777.777777777777
YMM250929-00000273,SMF35967612,초고당도 감귤 신품종[유라실생] 4.5kg(실중량4kg),소과,7.0,1,51000.0,40000.0,11000,0.21568627450980393,0,7285.714285714285
YMM250929-00000274,SMF87846210,"2025 첫수확 노지감귤 가정용 3kg, 5kg",소과,3.0,1,17000.0,8800.0,8200,0.4823529411764706,0,5666.666666666667
YMM250929-00000275,SMF35967612,초고당도 감귤 신품종[유라실생] 4.5kg(실중량4kg),소과,4.5,1,35000.0,25000.0,10000,0.2857142857142857,0,7777.777777777777
YMM250929-00000276,SMF35967612,초고당도 감귤 신품종[유라실생] 4.5kg(실중량4kg),소과,4.5,1,35000.0,25000.0,10000,0.2857142857142857,0,7777.777777777777
YMM250929-00000278,SMF35967612,초고당도 감귤 신품종[유라실생] 4.5kg(실중량4kg),소과,4.5,1,35000.0,25000.0,10000,0.2857142857142857,0,7777.777777777777
YMM250929-00000279,SMF35967612,초고당도 감귤 신품종[유라실생] 4.5kg(실중량4kg),소과,4.5,1,35000.0,25000.0,10000,0.2857142857142857,0,7777.777777777777
YMM250929-00000280,SMF35967612,초고당도 감귤 신품종[유라실생] 4.5kg(실중량4kg),소과,7.0,1,51000.0,40000.0,11000,0.21568627450980393,0,7285.714285714285
YMM250929-00000281,SMF35967612,초고당도 감귤 신품종[유라실생] 4.5kg(실중량4kg),소과,7.0,1,51000.0,40000.0,11000,0.21568627450980393,0,7285.714285714285
YMM250929-00000282,SMF35967612,초고당도 감귤 신품종[유라실생] 4.5kg(실중량4kg),소과,4.5,1,35000.0,25000.0,10000,0.2857142857142857,0,7777.777777777777
YMM250929-00000283,SMF35967612,초고당도 감귤 신품종[유라실생] 4.5kg(실중량4kg),소과,4.5,1,35000.0,25000.0,10000,0.2857142857142857,0,7777.777777777777
YMM250929-00000284,SMF35967612,초고당도 감귤 신품종[유라실생] 4.5kg(실중량4kg),소과,4.5,1,35000.0,25000.0,10000,0.2857142857142857,0,7777.777777777777
YMM250929-00000285,SMF35967612,초고당도 감귤 신품종[유라실생] 4.5kg(실중량4kg),소과,4.5,1,35000.0,25000.0,10000,0.2857142857142857,0,7777.777777777777
YMM250929-00000286,SMF35967612,초고당도 감귤 신품종[유라실생] 4.5kg(실중량4kg),소과,4.5,1,35000.0,25000.0,10000,0.2857142857142857,0,7777.777777777777
YMM250929-00000287,SMF87846210,"2025 첫수확 노지감귤 가정용 3kg, 5kg",소과,3.0,4,17000.0,8800.0,32800,0.4823529411764706,0,22666.666666666668
YMM250929-00000288,SMF35967612,초고당도 감귤 신품종[유라실생] 4.5kg(실중량4kg),소과,4.5,1,35000.0,25000.0,10000,0.2857142857142857,0,7777.777777777777
YMM250929-00000289,SMF35967612,초고당도 감귤 신품종[유라실생] 4.5kg(실중량4kg),소과,4.5,1,35000.0,25000.0,10000,0.2857142857142857,0,7777.777777777777
YMM250929-00000290,SMF35967612,초고당도 감귤 신품종[유라실생] 4.5kg(실중량4kg),소과,4.5,1,35000.0,25000.0,10000,0.2857142857142857,0,7777.777777777777
YMM250929-00000291,SMF35967612,초고당도 감귤 신품종[유라실생] 4.5kg(실중량4kg),소과,4.5,1,35000.0,25000.0,10000,0.2857142857142857,0,7777.777777777777
YMM250929-00000292,SMF35967612,초고당도 감귤 신품종[유라실생] 4.5kg(실중량4kg),소과,4.5,1,35000.0,25000.0,10000,0.2857142857142857,0,7777.777777777777
YMM250929-00000293,SMF35967612,초고당도 감귤 신품종[유라실생] 4.5kg(실중량4kg),소과,7.0,1,51000.0,40000.0,11000,0.21568627450980393,0,7285.714285714285
YMM250929-00000294,SMF35967612,초고당도 감귤 신품종[유라실생] 4.5kg(실중량4kg),소과,4.5,1,35000.0,25000.0,10000,0.2857142857142857,0,7777.777777777777
YMM250929-00000295,SMF35967612,초고당도 감귤 신품종[유라실생] 4.5kg(실중량4kg),소과,4.5,1,35000.0,25000.0,10000,0.2857142857142857,0,7777.777777777777
YMM250929-00000296,SMF35967612,초고당도 감귤 신품종[유라실생] 4.5kg(실중량4kg),소과,4.5,1,35000.0,25000.0,10000,0.2857142857142857,0,7777.777777777777
YMM250930-00000001,SMF35967612,초고당도 감귤 신품종[유라실생] 4.5kg(실중량4kg),소과,4.5,1,35000.0,25000.0,10000,0.2857142857142857,0,7777.777777777777
YMM250930-00000006,SMF29718566,제주 산지직송 황금향 선물세트 가정용,소과,5.0,1,42000.0,25000.0,17000,0.40476190476190477,0,8400.0
YMM250930-00000008,SMF35967612,초고당도 감귤 신품종[유라실생] 4.5kg(실중량4kg),소과,7.0,1,51000.0,40000.0,11000,0.21568627450980393,0,7285.714285714285
YMM250930-00000009,SMF87846210,"2025 첫수확 노지감귤 가정용 3kg, 5kg",소과,3.0,1,17000.0,8800.0,8200,0.4823529411764706,0,5666.666666666667
YMM250930-00000011,SMF35967612,초고당도 감귤 신품종[유라실생] 4.5kg(실중량4kg),소과,4.5,1,35000.0,25000.0,10000,0.2857142857142857,0,7777.777777777777
YMM250930-00000012,SMF87846210,"2025 첫수확 노지감귤 가정용 3kg, 5kg",소과,3.0,2,17000.0,8800.0,16400,0.4823529411764706,0,11333.333333333334
YMM250930-00000013,SMF35967612,초고당도 감귤 신품종[유라실생] 4.5kg(실중량4kg),소과,4.5,1,35000.0,25000.0,10000,0.2857142857142857,0,7777.777777777777
YMM250930-00000014,SMF87846210,"2025 첫수확 노지감귤 가정용 3kg, 5kg",소과,5.0,1,24000.0,13300.0,10700,0.44583333333333336,0,4800.0
YMM250930-00000015,SMF29718566,제주 산지직송 황금향 선물세트 가정용,중대과,3.0,1,39000.0,25000.0,14000,0.358974358974359,0,13000.0
YMM250930-00000016,SMF29718566,제주 산지직송 황금향 선물세트 가정용,중대과,3.0,1,39000.0,25000.0,14000,0.358974358974359,0,13000.0
YMM250930-00000017,SMF35967612,초고당도 감귤 신품종[유라실생] 4.5kg(실중량4kg),소과,4.5,1,35000.0,25000.0,10000,0.2857142857142857,0,7777.777777777777
YMM250930-00000018,SMF87846210,"2025 첫수확 노지감귤 가정용 3kg, 5kg",소과,5.0,1,24000.0,13300.0,10700,0.44583333333333336,0,4800.0
YMM250930-00000019,SMF35967612,초고당도 감귤 신품종[유라실생] 4.5kg(실중량4kg),소과,4.5,1,35000.0,25000.0,10000,0.2857142857142857,0,7777.777777777777
YMM250930-00000020,SMF35967612,초고당도 감귤 신품종[유라실생] 4.5kg(실중량4kg),소과,4.5,1,35000.0,25000.0,10000,0.2857142857142857,0,7777.777777777777
YMM250930-00000021,SMF35967612,초고당도 감귤 신품종[유라실생] 4.5kg(실중량4kg),소과,4.5,3,40333.333333333336,30000.0,31000,0.256198347107438,0,26888.88888888889
YMM250930-00000022,SMF35967612,초고당도 감귤 신품종[유라실생] 4.5kg(실중량4kg),소과,4.5,1,35000.0,25000.0,10000,0.2857142857142857,0,7777.777777777777
YMM250930-00000024,SMF35967612,초고당도 감귤 신품종[유라실생] 4.5kg(실중량4kg),소과,7.0,1,51000.0,40000.0,11000,0.21568627450980393,0,7285.714285714285
YMM250930-00000025,SMF35967612,초고당도 감귤 신품종[유라실생] 4.5kg(실중량4kg),소과,4.5,1,35000.0,25000.0,10000,0.2857142857142857,0,7777.777777777777
YMM250930-00000026,SMF29718566,제주 산지직송 황금향 선물세트 가정용,중대과,3.0,1,39000.0,25000.0,14000,0.358974358974359,0,13000.0
YMM250930-00000027,SMF29718566,제주 산지직송 황금향 선물세트 가정용,중대과,3.0,1,39000.0,25000.0,14000,0.358974358974359,0,13000.0
YMM250930-00000028,SMF29718566,제주 산지직송 황금향 선물세트 가정용,중대과,3.0,6,39000.0,25000.0,84000,0.358974358974359,0,78000.0
YMM250930-00000029,SMF35967612,초고당도 감귤 신품종[유라실생] 4.5kg(실중량4kg),소과,4.5,1,35000.0,25000.0,10000,0.2857142857142857,0,7777.777777777777
YMM250930-00000030,SMF87846210,"2025 첫수확 노지감귤 가정용 3kg, 5kg",소과,3.0,1,17000.0,8800.0,8200,0.4823529411764706,0,5666.666666666667
YMM250930-00000033,SMF29718566,제주 산지직송 황금향 선물세트 가정용,중대과,5.0,1,54000.0,40000.0,14000,0.25925925925925924,0,10800.0
YMM250930-00000034,SMF29718566,제주 산지직송 황금향 선물세트 가정용,소과,5.0,8,39375.0,25000.0,115000,0.36507936507936506,0,63000.0
YMM250930-00000035,SMF35967612,초고당도 감귤 신품종[유라실생] 4.5kg(실중량4kg),소과,7.0,1,51000.0,40000.0,11000,0.21568627450980393,0,7285.714285714285
YMM250930-00000036,SMF29718566,제주 산지직송 황금향 선물세트 가정용,소과,5.0,3,42000.0,25000.0,51000,0.40476190476190477,0,25200.0
YMM250930-00000038,SMF35967612,초고당도 감귤 신품종[유라실생] 4.5kg(실중량4kg),소과,7.0,1,51000.0,40000.0,11000,0.21568627450980393,0,7285.714285714285
YMM250930-00000039,SMF87846210,"2025 첫수확 노지감귤 가정용 3kg, 5kg",소과,10.0,1,35000.0,23000.0,12000,0.34285714285714286,0,3500.0
YMM250930-00000041,SMF35967612,초고당도 감귤 신품종[유라실생] 4.5kg(실중량4kg),소과,7.0,1,51000.0,40000.0,11000,0.21568627450980393,0,7285.714285714285
YMM250930-00000042,SMF87846210,"2025 첫수확 노지감귤 가정용 3kg, 5kg",로얄과,3.0,1,17000.0,8800.0,8200,0.4823529411764706,0,5666.666666666667
YMM250930-00000045,SMF35967612,초고당도 감귤 신품종[유라실생] 4.5kg(실중량4kg),소과,4.5,1,35000.0,25000.0,10000,0.2857142857142857,0,7777.777777777777
YMM250930-00000046,SMF87846210,"2025 첫수확 노지감귤 가정용 3kg, 5kg",소과,10.0,1,35000.0,23000.0,12000,0.34285714285714286,0,3500.0
YMM250930-00000047,SMF35967612,초고당도 감귤 신품종[유라실생] 4.5kg(실중량4kg),소과,7.0,1,51000.0,40000.0,11000,0.21568627450980393,0,7285.714285714285
YMM250930-00000050,SMF29718566,제주 산지직송 황금향 선물세트 가정용,중대과,3.0,1,39000.0,25000.0,14000,0.358974358974359,0,13000.0
YMM250930-00000051,SMF35967612,초고당도 감귤 신품종[유라실생] 4.5kg(실중량4kg),소과,4.5,1,35000.0,25000.0,10000,0.2857142857142857,0,7777.777777777777
YMM250930-00000053,SMF29718566,제주 산지직송 황금향 선물세트 가정용,중대과,3.0,1,39000.0,25000.0,14000,0.358974358974359,0,13000.0
YMM250930-00000054,SMF35967612,초고당도 감귤 신품종[유라실생] 4.5kg(실중량4kg),소과,4.5,1,35000.0,25000.0,10000,0.2857142857142857,0,7777.777777777777
YMM250930-00000055,SMF29718566,제주 산지직송 황금향 선물세트 가정용,중대과,3.0,1,39000.0,25000.0,14000,0.358974358974359,0,13000.0
YMM250930-00000056,SMF29718566,제주 산지직송 황금향 선물세트 가정용,중대과,3.0,2,39000.0,25000.0,28000,0.358974358974359,0,26000.0
YMM250930-00000057,SMF35967612,초고당도 감귤 신품종[유라실생] 4.5kg(실중량4kg),소과,4.5,1,35000.0,25000.0,10000,0.2857142857142857,0,7777.777777777777
YMM250930-00000058,SMF35967612,초고당도 감귤 신품종[유라실생] 4.5kg(실중량4kg),소과,4.5,2,35000.0,25000.0,20000,0.2857142857142857,0,15555.555555555555
YMM250930-00000059,SMF87846210,"2025 첫수확 노지감귤 가정용 3kg, 5kg",소과,3.0,3,17000.0,8800.0,24600,0.4823529411764706,0,17000.0
YMM250930-00000060,SMF87846210,"2025 첫수확 노지감귤 가정용 3kg, 5kg",소과,3.0,3,17000.0,8800.0,24600,0.4823529411764706,0,17000.0
YMM250930-00000062,SMF35967612,초고당도 감귤 신품종[유라실생] 4.5kg(실중량4kg),소과,7.0,1,51000.0,40000.0,11000,0.21568627450980393,0,7285.714285714285
YMM250930-00000063,SMF35967612,초고당도 감귤 신품종[유라실생] 4.5kg(실중량4kg),소과,4.5,1,35000.0,25000.0,10000,0.2857142857142857,0,7777.777777777777
YMM250930-00000064,SMF35967612,초고당도 감귤 신품종[유라실생] 4.5kg(실중량4kg),소과,7.0,1,51000.0,40000.0,11000,0.21568627450980393,0,7285.714285714285
YMM250930-00000065,SMF29718566,제주 산지직송 황금향 선물세트 가정용,소과,3.0,1,32000.0,15800.0,16200,0.50625,0,10666.666666666666
YMM250930-00000066,SMF35967612,초고당도 감귤 신품종[유라실생] 4.5kg(실중량4kg),소과,4.5,1,35000.0,25000.0,10000,0.2857142857142857,0,7777.777777777777
YMM250930-00000067,SMF35967612,초고당도 감귤 신품종[유라실생] 4.5kg(실중량4kg),소과,4.5,1,35000.0,25000.0,10000,0.2857142857142857,0,7777.777777777777
YMM250930-00000070,SMF87846210,"2025 첫수확 노지감귤 가정용 3kg, 5kg",소과,3.0,1,17000.0,8800.0,8200,0.4823529411764706,0,5666.666666666667
YMM250930-00000071,SMF29718566,제주 산지직송 황금향 선물세트 가정용,중대과,3.0,2,39000.0,25000.0,28000,0.358974358974359,0,26000.0
YMM250930-00000072,SMF87846210,"2025 첫수확 노지감귤 가정용 3kg, 5kg",소과,5.0,2,24000.0,13300.0,21400,0.44583333333333336,0,9600.0
YMM250930-00000074,SMF87846210,"2025 첫수확 노지감귤 가정용 3kg, 5kg",로얄과,5.0,3,24000.0,13300.0,32100,0.44583333333333336,0,14400.0
YMM250930-00000075,SMF35967612,초고당도 감귤 신품종[유라실생] 4.5kg(실중량4kg),소과,4.5,1,35000.0,25000.0,10000,0.2857142857142857,0,7777.777777777777
YMM250930-00000077,SMF82923688,"제주 산지직송 하우스감귤 2kg, 4kg, 4.5kg 소과 로얄과 중대과",로얄과,2.0,2,24000.0,16000.0,16000,0.3333333333333333,1,24000.0
YMM250930-00000078,SMF35967612,초고당도 감귤 신품종[유라실생] 4.5kg(실중량4kg),소과,4.5,1,35000.0,25000.0,10000,0.2857142857142857,0,7777.777777777777
YMM250930-00000079,SMF35967612,초고당도 감귤 신품종[유라실생] 4.5kg(실중량4kg),소과,4.5,1,35000.0,25000.0,10000,0.2857142857142857,0,7777.777777777777
YMM250930-00000081,SMF35967612,초고당도 감귤 신품종[유라실생] 4.5kg(실중량4kg),소과,4.5,3,35000.0,25000.0,30000,0.2857142857142857,0,23333.333333333332
YMM250930-00000082,SMF29718566,제주 산지직송 황금향 선물세트 가정용,중대과,3.0,1,39000.0,25000.0,14000,0.358974358974359,0,13000.0
YMM250930-00000083,SMF29718566,제주 산지직송 황금향 선물세트 가정용,소과,3.0,1,32000.0,15800.0,16200,0.50625,0,10666.666666666666
YMM250930-00000084,SMF87846210,"2025 첫수확 노지감귤 가정용 3kg, 5kg",로얄과,5.0,1,24000.0,13300.0,10700,0.44583333333333336,0,4800.0
YMM250930-00000085,SMF87846210,"2025 첫수확 노지감귤 가정용 3kg, 5kg",로얄과,5.0,1,24000.0,13300.0,10700,0.44583333333333336,0,4800.0
YMM250930-00000086,SMF29718566,제주 산지직송 황금향 선물세트 가정용,중대과,5.0,1,54000.0,40000.0,14000,0.25925925925925924,0,10800.0
YMM250930-00000087,SMF29718566,제주 산지직송 황금향 선물세트 가정용,중대과,3.0,1,39000.0,25000.0,14000,0.358974358974359,0,13000.0
YMM250930-00000088,SMF29718566,제주 산지직송 황금향 선물세트 가정용,중대과,3.0,1,39000.0,25000.0,14000,0.358974358974359,0,13000.0
YMM250930-00000089,SMF29718566,제주 산지직송 황금향 선물세트 가정용,소과,3.0,1,32000.0,15800.0,16200,0.50625,0,10666.666666666666
YMM250930-00000090,SMF35967612,초고당도 감귤 신품종[유라실생] 4.5kg(실중량4kg),소과,4.5,1,35000.0,25000.0,10000,0.2857142857142857,0,7777.777777777777
YMM250930-00000091,SMF87846210,"2025 첫수확 노지감귤 가정용 3kg, 5kg",로얄과,5.0,1,24000.0,13300.0,10700,0.44583333333333336,0,4800.0
YMM250930-00000092,SMF87846210,"2025 첫수확 노지감귤 가정용 3kg, 5kg",로얄과,3.0,3,17000.0,8800.0,24600,0.4823529411764706,0,17000.0
YMM250930-00000093,SMF87846210,"2025 첫수확 노지감귤 가정용 3kg, 5kg",소과,10.0,1,35000.0,23000.0,12000,0.34285714285714286,0,3500.0
YMM250930-00000094,SMF29718566,제주 산지직송 황금향 선물세트 가정용,중대과,5.0,1,54000.0,40000.0,14000,0.25925925925925924,0,10800.0
YMM250930-00000095,SMF35967612,초고당도 감귤 신품종[유라실생] 4.5kg(실중량4kg),소과,7.0,1,51000.0,40000.0,11000,0.21568627450980393,0,7285.714285714285
YMM250930-00000096,SMF35967612,초고당도 감귤 신품종[유라실생] 4.5kg(실중량4kg),소과,7.0,1,51000.0,40000.0,11000,0.21568627450980393,0,7285.714285714285
YMM250930-00000097,SMF35967612,초고당도 감귤 신품종[유라실생] 4.5kg(실중량4kg),소과,7.0,1,51000.0,40000.0,11000,0.21568627450980393,0,7285.714285714285
YMM250930-00000099,SMF35967612,초고당도 감귤 신품종[유라실생] 4.5kg(실중량4kg),소과,4.5,1,35000.0,25000.0,10000,0.2857142857142857,0,7777.777777777777
YMM250930-00000100,SMF35967612,초고당도 감귤 신품종[유라실생] 4.5kg(실중량4kg),소과,7.0,1,51000.0,40000.0,11000,0.21568627450980393,0,7285.714285714285
YMM250930-00000101,SMF35967612,초고당도 감귤 신품종[유라실생] 4.5kg(실중량4kg),소과,7.0,1,51000.0,40000.0,11000,0.21568627450980393,0,7285.714285714285
YMM250930-00000102,SMF35967612,초고당도 감귤 신품종[유라실생] 4.5kg(실중량4kg),소과,4.5,1,35000.0,25000.0,10000,0.2857142857142857,0,7777.777777777777
YMM250930-00000103,SMF87846210,"2025 첫수확 노지감귤 가정용 3kg, 5kg",로얄과,5.0,4,24000.0,13300.0,42800,0.44583333333333336,0,19200.0
YMM250930-00000104,SMF35967612,초고당도 감귤 신품종[유라실생] 4.5kg(실중량4kg),소과,4.5,1,35000.0,25000.0,10000,0.2857142857142857,0,7777.777777777777
YMM250930-00000105,SMF35967612,초고당도 감귤 신품종[유라실생] 4.5kg(실중량4kg),소과,4.5,1,35000.0,25000.0,10000,0.2857142857142857,0,7777.777777777777
YMM250930-00000107,SMF35967612,초고당도 감귤 신품종[유라실생] 4.5kg(실중량4kg),소과,4.5,1,35000.0,25000.0,10000,0.2857142857142857,0,7777.777777777777
YMM250930-00000108,SMF35967612,초고당도 감귤 신품종[유라실생] 4.5kg(실중량4kg),소과,4.5,2,35000.0,25000.0,20000,0.2857142857142857,0,15555.555555555555
YMM250930-00000109,SMF35967612,초고당도 감귤 신품종[유라실생] 4.5kg(실중량4kg),소과,4.5,1,35000.0,25000.0,10000,0.2857142857142857,0,7777.777777777777
YMM250930-00000110,SMF35967612,초고당도 감귤 신품종[유라실생] 4.5kg(실중량4kg),소과,4.5,1,35000.0,25000.0,10000,0.2857142857142857,0,7777.777777777777
YMM250930-00000111,SMF35967612,초고당도 감귤 신품종[유라실생] 4.5kg(실중량4kg),소과,4.5,2,35000.0,25000.0,20000,0.2857142857142857,0,15555.555555555555
YMM250930-00000112,SMF35967612,초고당도 감귤 신품종[유라실생] 4.5kg(실중량4kg),소과,4.5,1,35000.0,25000.0,10000,0.2857142857142857,0,7777.777777777777
YMM250930-00000113,SMF35967612,초고당도 감귤 신품종[유라실생] 4.5kg(실중량4kg),소과,4.5,1,35000.0,25000.0,10000,0.2857142857142857,0,7777.777777777777
YMM250930-00000114,SMF35967612,초고당도 감귤 신품종[유라실생] 4.5kg(실중량4kg),소과,4.5,1,35000.0,25000.0,10000,0.2857142857142857,0,7777.777777777777
YMM250930-00000115,SMF35967612,초고당도 감귤 신품종[유라실생] 4.5kg(실중량4kg),소과,4.5,1,35000.0,25000.0,10000,0.2857142857142857,0,7777.777777777777
YMM250930-00000117,SMF35967612,초고당도 감귤 신품종[유라실생] 4.5kg(실중량4kg),소과,4.5,1,35000.0,25000.0,10000,0.2857142857142857,0,7777.777777777777
YMM250930-00000118,SMF35967612,초고당도 감귤 신품종[유라실생] 4.5kg(실중량4kg),소과,7.0,1,51000.0,40000.0,11000,0.21568627450980393,0,7285.714285714285
YMM250930-00000119,SMF29718566,제주 산지직송 황금향 선물세트 가정용,중대과,5.0,1,54000.0,40000.0,14000,0.25925925925925924,0,10800.0
YMM250930-00000120,SMF29718566,제주 산지직송 황금향 선물세트 가정용,중대과,5.0,1,54000.0,40000.0,14000,0.25925925925925924,0,10800.0
YMM250930-00000121,SMF35967612,초고당도 감귤 신품종[유라실생] 4.5kg(실중량4kg),소과,4.5,1,35000.0,25000.0,10000,0.2857142857142857,0,7777.777777777777
YMM250930-00000122,SMF35967612,초고당도 감귤 신품종[유라실생] 4.5kg(실중량4kg),소과,4.5,1,35000.0,25000.0,10000,0.2857142857142857,0,7777.777777777777
YMM250930-00000123,SMF35967612,초고당도 감귤 신품종[유라실생] 4.5kg(실중량4kg),소과,4.5,1,35000.0,25000.0,10000,0.2857142857142857,0,7777.777777777777
YMM250930-00000124,SMF35967612,초고당도 감귤 신품종[유라실생] 4.5kg(실중량4kg),소과,7.0,1,51000.0,40000.0,11000,0.21568627450980393,0,7285.714285714285
YMM250930-00000125,SMF35967612,초고당도 감귤 신품종[유라실생] 4.5kg(실중량4kg),소과,4.5,1,35000.0,25000.0,10000,0.2857142857142857,0,7777.777777777777
YMM250930-00000126,SMF35967612,초고당도 감귤 신품종[유라실생] 4.5kg(실중량4kg),소과,4.5,1,35000.0,25000.0,10000,0.2857142857142857,0,7777.777777777777
YMM250930-00000127,SMF35967612,초고당도 감귤 신품종[유라실생] 4.5kg(실중량4kg),소과,4.5,1,35000.0,25000.0,10000,0.2857142857142857,0,7777.777777777777
YMM250930-00000128,SMF35967612,초고당도 감귤 신품종[유라실생] 4.5kg(실중량4kg),소과,7.0,1,51000.0,40000.0,11000,0.21568627450980393,0,7285.714285714285
YMM250930-00000129,SMF35967612,초고당도 감귤 신품종[유라실생] 4.5kg(실중량4kg),소과,4.5,1,35000.0,25000.0,10000,0.2857142857142857,0,7777.777777777777
YMM250930-00000131,SMF35967612,초고당도 감귤 신품종[유라실생] 4.5kg(실중량4kg),소과,4.5,1,35000.0,25000.0,10000,0.2857142857142857,0,7777.777777777777
YMM250930-00000133,SMF35967612,초고당도 감귤 신품종[유라실생] 4.5kg(실중량4kg),소과,7.0,1,51000.0,40000.0,11000,0.21568627450980393,0,7285.714285714285
YMM250930-00000134,SMF35967612,초고당도 감귤 신품종[유라실생] 4.5kg(실중량4kg),소과,4.5,1,35000.0,25000.0,10000,0.2857142857142857,0,7777.777777777777
YMM250930-00000136,SMF35967612,초고당도 감귤 신품종[유라실생] 4.5kg(실중량4kg),소과,7.0,1,51000.0,40000.0,11000,0.21568627450980393,0,7285.714285714285
YMM250930-00000137,SMF87846210,"2025 첫수확 노지감귤 가정용 3kg, 5kg",소과,10.0,1,35000.0,23000.0,12000,0.34285714285714286,0,3500.0
YMM250930-00000138,SMF29718566,제주 산지직송 황금향 선물세트 가정용,소과,5.0,1,42000.0,25000.0,17000,0.40476190476190477,0,8400.0
YMM250930-00000139,SMF87846210,"2025 첫수확 노지감귤 가정용 3kg, 5kg",소과,3.0,1,17000.0,8800.0,8200,0.4823529411764706,0,5666.666666666667
YMM250930-00000140,SMF29718566,제주 산지직송 황금향 선물세트 가정용,소과,3.0,1,32000.0,15800.0,16200,0.50625,0,10666.666666666666
YMM250930-00000142,SMF87846210,"2025 첫수확 노지감귤 가정용 3kg, 5kg",소과,5.0,1,24000.0,13300.0,10700,0.44583333333333336,0,4800.0
YMM250930-00000143,SMF29718566,제주 산지직송 황금향 선물세트 가정용,소과,5.0,1,42000.0,25000.0,17000,0.40476190476190477,0,8400.0
YMM250930-00000144,SMF35967612,초고당도 감귤 신품종[유라실생] 4.5kg(실중량4kg),소과,4.5,1,35000.0,25000.0,10000,0.2857142857142857,0,7777.777777777777
YMM250930-00000145,SMF35967612,초고당도 감귤 신품종[유라실생] 4.5kg(실중량4kg),소과,7.0,1,51000.0,40000.0,11000,0.21568627450980393,0,7285.714285714285
YMM250930-00000146,SMF35967612,초고당도 감귤 신품종[유라실생] 4.5kg(실중량4kg),소과,7.0,1,51000.0,40000.0,11000,0.21568627450980393,0,7285.714285714285
YMM250930-00000147,SMF35967612,초고당도 감귤 신품종[유라실생] 4.5kg(실중량4kg),소과,4.5,1,35000.0,25000.0,10000,0.2857142857142857,0,7777.777777777777
YMM250930-00000148,SMF35967612,초고당도 감귤 신품종[유라실생] 4.5kg(실중량4kg),소과,4.5,1,35000.0,25000.0,10000,0.2857142857142857,0,7777.777777777777
YMM250930-00000149,SMF35967612,초고당도 감귤 신품종[유라실생] 4.5kg(실중량4kg),소과,4.5,1,35000.0,25000.0,10000,0.2857142857142857,0,7777.777777777777
YMM250930-00000150,SMF35967612,초고당도 감귤 신품종[유라실생] 4.5kg(실중량4kg),소과,4.5,1,35000.0,25000.0,10000,0.2857142857142857,0,7777.777777777777
YMM250930-00000153,SMF35967612,초고당도 감귤 신품종[유라실생] 4.5kg(실중량4kg),소과,4.5,1,35000.0,25000.0,10000,0.2857142857142857,0,7777.777777777777
YMM251001-00000001,SMF35967612,초고당도 감귤 신품종[유라실생] 4.5kg(실중량4kg),소과,4.5,1,35000.0,25000.0,10000,0.2857142857142857,0,7777.777777777777
YMM251001-00000003,SMF35967612,초고당도 감귤 신품종[유라실생] 4.5kg(실중량4kg),소과,4.5,1,35000.0,25000.0,10000,0.2857142857142857,0,7777.777777777777
YMM251001-00000004,SMF35967612,초고당도 감귤 신품종[유라실생] 4.5kg(실중량4kg),소과,4.5,1,35000.0,25000.0,10000,0.2857142857142857,0,7777.777777777777
YMM251001-00000005,SMF35967612,초고당도 감귤 신품종[유라실생] 4.5kg(실중량4kg),소과,4.5,1,35000.0,25000.0,10000,0.2857142857142857,0,7777.777777777777
YMM251001-00000007,SMF87846210,"2025 첫수확 노지감귤 가정용 3kg, 5kg",소과,3.0,1,17000.0,8800.0,8200,0.4823529411764706,0,5666.666666666667
YMM251001-00000011,SMF35967612,초고당도 감귤 신품종[유라실생] 4.5kg(실중량4kg),소과,4.5,1,35000.0,25000.0,10000,0.2857142857142857,0,7777.777777777777
YMM251001-00000019,SMF35967612,초고당도 감귤 신품종[유라실생] 4.5kg(실중량4kg),소과,4.5,1,35000.0,25000.0,10000,0.2857142857142857,0,7777.777777777777
YMM251001-00000020,SMF35967612,초고당도 감귤 신품종[유라실생] 4.5kg(실중량4kg),소과,4.5,2,35000.0,25000.0,20000,0.2857142857142857,0,15555.555555555555
YMM251001-00000026,SMF35967612,초고당도 감귤 신품종[유라실생] 4.5kg(실중량4kg),소과,7.0,1,51000.0,40000.0,11000,0.21568627450980393,0,7285.714285714285
YMM251001-00000027,SMF35967612,초고당도 감귤 신품종[유라실생] 4.5kg(실중량4kg),소과,4.5,1,35000.0,25000.0,10000,0.2857142857142857,0,7777.777777777777
YMM251001-00000028,SMF35967612,초고당도 감귤 신품종[유라실생] 4.5kg(실중량4kg),소과,7.0,1,51000.0,40000.0,11000,0.21568627450980393,0,7285.714285714285
YMM251001-00000029,SMF35967612,초고당도 감귤 신품종[유라실생] 4.5kg(실중량4kg),소과,7.0,1,51000.0,40000.0,11000,0.21568627450980393,0,7285.714285714285
YMM251001-00000030,SMF35967612,초고당도 감귤 신품종[유라실생] 4.5kg(실중량4kg),소과,4.5,1,35000.0,25000.0,10000,0.2857142857142857,0,7777.777777777777
YMM251001-00000031,SMF35967612,초고당도 감귤 신품종[유라실생] 4.5kg(실중량4kg),소과,7.0,1,51000.0,40000.0,11000,0.21568627450980393,0,7285.714285714285
YMM251001-00000032,SMF35967612,초고당도 감귤 신품종[유라실생] 4.5kg(실중량4kg),소과,7.0,1,51000.0,40000.0,11000,0.21568627450980393,0,7285.714285714285
YMM251001-00000033,SMF35967612,초고당도 감귤 신품종[유라실생] 4.5kg(실중량4kg),소과,4.5,1,35000.0,25000.0,10000,0.2857142857142857,0,7777.777777777777
YMM251001-00000034,SMF35967612,초고당도 감귤 신품종[유라실생] 4.5kg(실중량4kg),소과,4.5,1,35000.0,25000.0,10000,0.2857142857142857,0,7777.777777777777
YMM251001-00000035,SMF35967612,초고당도 감귤 신품종[유라실생] 4.5kg(실중량4kg),소과,7.0,1,51000.0,40000.0,11000,0.21568627450980393,0,7285.714285714285
YMM251001-00000037,SMF35967612,초고당도 감귤 신품종[유라실생] 4.5kg(실중량4kg),소과,7.0,1,51000.0,40000.0,11000,0.21568627450980393,0,7285.714285714285
YMM251001-00000038,SMF35967612,초고당도 감귤 신품종[유라실생] 4.5kg(실중량4kg),소과,4.5,1,35000.0,25000.0,10000,0.2857142857142857,0,7777.777777777777
YMM251001-00000039,SMF87846210,"2025 첫수확 노지감귤 가정용 3kg, 5kg",소과,3.0,1,17000.0,8800.0,8200,0.4823529411764706,0,5666.666666666667
YMM251001-00000041,SMF29718566,제주 산지직송 황금향 선물세트 가정용,소과,5.0,1,42000.0,25000.0,17000,0.40476190476190477,0,8400.0
YMM251001-00000042,SMF35967612,초고당도 감귤 신품종[유라실생] 4.5kg(실중량4kg),소과,7.0,1,51000.0,40000.0,11000,0.21568627450980393,0,7285.714285714285
YMM251001-00000044,SMF35967612,초고당도 감귤 신품종[유라실생] 4.5kg(실중량4kg),소과,4.5,3,35000.0,25000.0,30000,0.2857142857142857,0,23333.333333333332
YMM251001-00000045,SMF87846210,"2025 첫수확 노지감귤 가정용 3kg, 5kg",로얄과,3.0,2,20500.0,11050.0,18900,0.4609756097560976,0,13666.666666666666
YMM251001-00000046,SMF35967612,초고당도 감귤 신품종[유라실생] 4.5kg(실중량4kg),소과,4.5,1,35000.0,25000.0,10000,0.2857142857142857,0,7777.777777777777
YMM251001-00000047,SMF35967612,초고당도 감귤 신품종[유라실생] 4.5kg(실중량4kg),소과,7.0,1,51000.0,40000.0,11000,0.21568627450980393,0,7285.714285714285
YMM251001-00000048,SMF29718566,제주 산지직송 황금향 선물세트 가정용,중대과,5.0,1,54000.0,40000.0,14000,0.25925925925925924,0,10800.0
YMM251001-00000049,SMF35967612,초고당도 감귤 신품종[유라실생] 4.5kg(실중량4kg),소과,4.5,1,35000.0,25000.0,10000,0.2857142857142857,0,7777.777777777777
YMM251001-00000050,SMF29718566,제주 산지직송 황금향 선물세트 가정용,중대과,5.0,1,54000.0,40000.0,14000,0.25925925925925924,0,10800.0
YMM251001-00000051,SMF29718566,제주 산지직송 황금향 선물세트 가정용,중대과,5.0,1,54000.0,40000.0,14000,0.25925925925925924,0,10800.0
YMM251001-00000052,SMF29718566,제주 산지직송 황금향 선물세트 가정용,중대과,5.0,1,54000.0,40000.0,14000,0.25925925925925924,0,10800.0
YMM251001-00000053,SMF29718566,제주 산지직송 황금향 선물세트 가정용,중대과,5.0,1,54000.0,40000.0,14000,0.25925925925925924,0,10800.0
YMM251001-00000054,SMF35967612,초고당도 감귤 신품종[유라실생] 4.5kg(실중량4kg),소과,4.5,1,35000.0,25000.0,10000,0.2857142857142857,0,7777.777777777777
YMM251001-00000055,SMF35967612,초고당도 감귤 신품종[유라실생] 4.5kg(실중량4kg),소과,7.0,1,51000.0,40000.0,11000,0.21568627450980393,0,7285.714285714285
YMM251001-00000056,SMF35967612,초고당도 감귤 신품종[유라실생] 4.5kg(실중량4kg),소과,4.5,2,35000.0,25000.0,20000,0.2857142857142857,0,15555.555555555555
YMM251001-00000057,SMF35967612,초고당도 감귤 신품종[유라실생] 4.5kg(실중량4kg),소과,4.5,1,35000.0,25000.0,10000,0.2857142857142857,0,7777.777777777777
YMM251001-00000058,SMF35967612,초고당도 감귤 신품종[유라실생] 4.5kg(실중량4kg),소과,4.5,1,35000.0,25000.0,10000,0.2857142857142857,0,7777.777777777777
YMM251001-00000059,SMF29718566,제주 산지직송 황금향 선물세트 가정용,소과,5.0,1,42000.0,25000.0,17000,0.40476190476190477,0,8400.0
YMM251001-00000060,SMF35967612,초고당도 감귤 신품종[유라실생] 4.5kg(실중량4kg),소과,4.5,1,35000.0,25000.0,10000,0.2857142857142857,0,7777.777777777777
YMM251001-00000061,SMF35967612,초고당도 감귤 신품종[유라실생] 4.5kg(실중량4kg),소과,4.5,1,35000.0,25000.0,10000,0.2857142857142857,0,7777.777777777777
YMM251001-00000062,SMF35967612,초고당도 감귤 신품종[유라실생] 4.5kg(실중량4kg),소과,4.5,1,35000.0,25000.0,10000,0.2857142857142857,0,7777.777777777777
YMM251001-00000063,SMF35967612,초고당도 감귤 신품종[유라실생] 4.5kg(실중량4kg),소과,4.5,2,35000.0,25000.0,20000,0.2857142857142857,0,15555.555555555555
YMM251001-00000064,SMF35967612,초고당도 감귤 신품종[유라실생] 4.5kg(실중량4kg),소과,4.5,1,35000.0,25000.0,10000,0.2857142857142857,0,7777.777777777777
YMM251001-00000065,SMF35967612,초고당도 감귤 신품종[유라실생] 4.5kg(실중량4kg),소과,7.0,1,51000.0,40000.0,11000,0.21568627450980393,0,7285.714285714285
YMM251001-00000066,SMF87846210,"2025 첫수확 노지감귤 가정용 3kg, 5kg",소과,10.0,1,35000.0,23000.0,12000,0.34285714285714286,0,3500.0
YMM251001-00000067,SMF35967612,초고당도 감귤 신품종[유라실생] 4.5kg(실중량4kg),소과,4.5,1,35000.0,25000.0,10000,0.2857142857142857,0,7777.777777777777
YMM251001-00000068,SMF35967612,초고당도 감귤 신품종[유라실생] 4.5kg(실중량4kg),소과,7.0,1,51000.0,40000.0,11000,0.21568627450980393,0,7285.714285714285
YMM251001-00000069,SMF29718566,제주 산지직송 황금향 선물세트 가정용,소과,3.0,3,32000.0,15800.0,48600,0.50625,0,32000.0
YMM251001-00000070,SMF87846210,"2025 첫수확 노지감귤 가정용 3kg, 5kg",소과,10.0,1,35000.0,23000.0,12000,0.34285714285714286,0,3500.0
YMM251001-00000071,SMF29718566,제주 산지직송 황금향 선물세트 가정용,소과,5.0,1,42000.0,25000.0,17000,0.40476190476190477,0,8400.0
YMM251001-00000072,SMF35967612,초고당도 감귤 신품종[유라실생] 4.5kg(실중량4kg),소과,7.0,1,51000.0,40000.0,11000,0.21568627450980393,0,7285.714285714285
YMM251001-00000074,SMF35967612,초고당도 감귤 신품종[유라실생] 4.5kg(실중량4kg),소과,7.0,1,51000.0,40000.0,11000,0.21568627450980393,0,7285.714285714285
YMM251001-00000075,SMF35967612,초고당도 감귤 신품종[유라실생] 4.5kg(실중량4kg),소과,4.5,1,35000.0,25000.0,10000,0.2857142857142857,0,7777.777777777777
YMM251001-00000076,SMF35967612,초고당도 감귤 신품종[유라실생] 4.5kg(실중량4kg),소과,4.5,1,35000.0,25000.0,10000,0.2857142857142857,0,7777.777777777777
YMM251001-00000077,SMF35967612,초고당도 감귤 신품종[유라실생] 4.5kg(실중량4kg),소과,4.5,1,35000.0,25000.0,10000,0.2857142857142857,0,7777.777777777777
YMM251001-00000078,SMF35967612,초고당도 감귤 신품종[유라실생] 4.5kg(실중량4kg),소과,4.5,1,35000.0,25000.0,10000,0.2857142857142857,0,7777.777777777777
YMM251001-00000079,SMF35967612,초고당도 감귤 신품종[유라실생] 4.5kg(실중량4kg),소과,4.5,1,35000.0,25000.0,10000,0.2857142857142857,0,7777.777777777777
YMM251001-00000080,SMF35967612,초고당도 감귤 신품종[유라실생] 4.5kg(실중량4kg),소과,4.5,3,35000.0,25000.0,30000,0.2857142857142857,0,23333.333333333332
YMM251001-00000081,SMF35967612,초고당도 감귤 신품종[유라실생] 4.5kg(실중량4kg),소과,4.5,1,35000.0,25000.0,10000,0.2857142857142857,0,7777.777777777777
YMM251001-00000082,SMF87846210,"2025 첫수확 노지감귤 가정용 3kg, 5kg",소과,5.0,1,24000.0,13300.0,10700,0.44583333333333336,0,4800.0
YMM251001-00000083,SMF35967612,초고당도 감귤 신품종[유라실생] 4.5kg(실중량4kg),소과,4.5,1,35000.0,25000.0,10000,0.2857142857142857,0,7777.777777777777
YMM251001-00000084,SMF35967612,초고당도 감귤 신품종[유라실생] 4.5kg(실중량4kg),소과,4.5,2,35000.0,25000.0,20000,0.2857142857142857,0,15555.555555555555
YMM251001-00000087,SMF35967612,초고당도 감귤 신품종[유라실생] 4.5kg(실중량4kg),소과,4.5,1,35000.0,25000.0,10000,0.2857142857142857,0,7777.777777777777
YMM251001-00000089,SMF35967612,초고당도 감귤 신품종[유라실생] 4.5kg(실중량4kg),소과,7.0,1,51000.0,40000.0,11000,0.21568627450980393,0,7285.714285714285
YMM251001-00000090,SMF35967612,초고당도 감귤 신품종[유라실생] 4.5kg(실중량4kg),소과,4.5,1,35000.0,25000.0,10000,0.2857142857142857,0,7777.777777777777
YMM251001-00000091,SMF35967612,초고당도 감귤 신품종[유라실생] 4.5kg(실중량4kg),소과,7.0,1,51000.0,40000.0,11000,0.21568627450980393,0,7285.714285714285
YMM251001-00000092,SMF35967612,초고당도 감귤 신품종[유라실생] 4.5kg(실중량4kg),소과,7.0,1,51000.0,40000.0,11000,0.21568627450980393,0,7285.714285714285
YMM251001-00000093,SMF35967612,초고당도 감귤 신품종[유라실생] 4.5kg(실중량4kg),소과,4.5,1,35000.0,25000.0,10000,0.2857142857142857,0,7777.777777777777
YMM251001-00000094,SMF29718566,제주 산지직송 황금향 선물세트 가정용,소과,2.0,1,21000.0,15000.0,6000,0.2857142857142857,0,10500.0
YMM251001-00000096,SMF29718566,제주 산지직송 황금향 선물세트 가정용,소과,2.0,2,21000.0,15000.0,12000,0.2857142857142857,0,21000.0
YMM251001-00000098,SMF29718566,제주 산지직송 황금향 선물세트 가정용,소과,2.0,1,21000.0,15000.0,6000,0.2857142857142857,0,10500.0
YMM251001-00000099,SMF29718566,제주 산지직송 황금향 선물세트 가정용,소과,2.0,2,21000.0,15000.0,12000,0.2857142857142857,0,21000.0
YMM251001-00000100,SMF29718566,제주 산지직송 황금향 선물세트 가정용,중대과,2.5,1,39000.0,25000.0,14000,0.358974358974359,0,15600.0
YMM251001-00000102,SMF87846210,"2025 첫수확 노지감귤 가정용 3kg, 5kg",소과,3.0,1,17000.0,8800.0,8200,0.4823529411764706,0,5666.666666666667
YMM251001-00000105,SMF87846210,"2025 첫수확 노지감귤 가정용 3kg, 5kg",로얄과,3.0,1,17000.0,8800.0,8200,0.4823529411764706,0,5666.666666666667
YMM251001-00000106,SMF87846210,"2025 첫수확 노지감귤 가정용 3kg, 5kg",로얄과,3.0,1,17000.0,8800.0,8200,0.4823529411764706,0,5666.666666666667
YMM251001-00000107,SMF87846210,"2025 첫수확 노지감귤 가정용 3kg, 5kg",로얄과,3.0,1,17000.0,8800.0,8200,0.4823529411764706,0,5666.666666666667
YMM251001-00000112,SMF29718566,제주 산지직송 황금향 선물세트 가정용,소과,3.0,1,32000.0,15800.0,16200,0.50625,0,10666.666666666666
YMM251001-00000113,SMF87846210,"2025 첫수확 노지감귤 가정용 3kg, 5kg",로얄과,10.0,1,35000.0,23000.0,12000,0.34285714285714286,0,3500.0
YMM251001-00000115,SMF87846210,"2025 첫수확 노지감귤 가정용 3kg, 5kg",소과,10.0,3,35000.0,23000.0,36000,0.34285714285714286,0,10500.0
YMM251001-00000116,SMF35967612,초고당도 감귤 신품종[유라실생] 4.5kg(실중량4kg),소과,7.0,2,51000.0,40000.0,22000,0.21568627450980393,0,14571.42857142857
YMM251001-00000117,SMF35967612,초고당도 감귤 신품종[유라실생] 4.5kg(실중량4kg),소과,4.5,1,35000.0,25000.0,10000,0.2857142857142857,0,7777.777777777777
YMM251001-00000126,SMF35967612,초고당도 감귤 신품종[유라실생] 4.5kg(실중량4kg),소과,7.0,1,51000.0,40000.0,11000,0.21568627450980393,0,7285.714285714285
YMM251001-00000127,SMF35967612,초고당도 감귤 신품종[유라실생] 4.5kg(실중량4kg),소과,4.5,2,35000.0,25000.0,20000,0.2857142857142857,0,15555.555555555555
YMM251001-00000128,SMF35967612,초고당도 감귤 신품종[유라실생] 4.5kg(실중량4kg),소과,4.5,1,35000.0,25000.0,10000,0.2857142857142857,0,7777.777777777777
YMM251001-00000129,SMF35967612,초고당도 감귤 신품종[유라실생] 4.5kg(실중량4kg),소과,4.5,1,35000.0,25000.0,10000,0.2857142857142857,0,7777.777777777777
YMM251001-00000132,SMF35967612,초고당도 감귤 신품종[유라실생] 4.5kg(실중량4kg),소과,4.5,1,35000.0,25000.0,10000,0.2857142857142857,0,7777.777777777777
YMM251001-00000133,SMF35967612,초고당도 감귤 신품종[유라실생] 4.5kg(실중량4kg),소과,7.0,1,51000.0,40000.0,11000,0.21568627450980393,0,7285.714285714285
YMM251001-00000134,SMF29718566,제주 산지직송 황금향 선물세트 가정용,중대과,2.5,3,36666.666666666664,21933.333333333332,44200,0.4018181818181818,0,44000.0
YMM251001-00000136,SMF35967612,초고당도 감귤 신품종[유라실생] 4.5kg(실중량4kg),소과,4.5,1,35000.0,25000.0,10000,0.2857142857142857,0,7777.777777777777
YMM251001-00000137,SMF29718566,제주 산지직송 황금향 선물세트 가정용,소과,2.0,1,21000.0,15000.0,6000,0.2857142857142857,0,10500.0
YMM251001-00000140,SMF35967612,초고당도 감귤 신품종[유라실생] 4.5kg(실중량4kg),소과,7.0,1,51000.0,40000.0,11000,0.21568627450980393,0,7285.714285714285
YMM251001-00000141,SMF29718566,제주 산지직송 황금향 선물세트 가정용,소과,2.0,1,21000.0,15000.0,6000,0.2857142857142857,0,10500.0
YMM251001-00000142,SMF35967612,초고당도 감귤 신품종[유라실생] 4.5kg(실중량4kg),소과,7.0,1,51000.0,40000.0,11000,0.21568627450980393,0,7285.714285714285
YMM251001-00000143,SMF35967612,초고당도 감귤 신품종[유라실생] 4.5kg(실중량4kg),소과,4.5,1,35000.0,25000.0,10000,0.2857142857142857,0,7777.777777777777
YMM251001-00000144,SMF29718566,제주 산지직송 황금향 선물세트 가정용,소과,2.0,2,21000.0,15000.0,12000,0.2857142857142857,0,21000.0
YMM251001-00000145,SMF35967612,초고당도 감귤 신품종[유라실생] 4.5kg(실중량4kg),소과,4.5,1,35000.0,25000.0,10000,0.2857142857142857,0,7777.777777777777
YMM251001-00000146,SMF29718566,제주 산지직송 황금향 선물세트 가정용,소과,2.0,1,21000.0,15000.0,6000,0.2857142857142857,0,10500.0
YMM251001-00000147,SMF35967612,초고당도 감귤 신품종[유라실생] 4.5kg(실중량4kg),소과,4.5,1,35000.0,25000.0,10000,0.2857142857142857,0,7777.777777777777
YMM251001-00000148,SMF35967612,초고당도 감귤 신품종[유라실생] 4.5kg(실중량4kg),소과,4.5,1,35000.0,25000.0,10000,0.2857142857142857,0,7777.777777777777
YMM251001-00000150,SMF87846210,"2025 첫수확 노지감귤 가정용 3kg, 5kg",로얄과,5.0,1,24000.0,13300.0,10700,0.44583333333333336,0,4800.0
YMM251001-00000151,SMF29718566,제주 산지직송 황금향 선물세트 가정용,중대과,2.5,5,39000.0,25000.0,70000,0.358974358974359,0,78000.0
YMM251001-00000152,SMF29718566,제주 산지직송 황금향 선물세트 가정용,소과,3.0,1,32000.0,15800.0,16200,0.50625,0,10666.666666666666
YMM251001-00000153,SMF35967612,초고당도 감귤 신품종[유라실생] 4.5kg(실중량4kg),소과,4.5,1,35000.0,25000.0,10000,0.2857142857142857,0,7777.777777777777
YMM251001-00000154,SMF29718566,제주 산지직송 황금향 선물세트 가정용,소과,3.0,1,32000.0,15800.0,16200,0.50625,0,10666.666666666666
YMM251001-00000155,SMF35967612,초고당도 감귤 신품종[유라실생] 4.5kg(실중량4kg),소과,4.5,1,35000.0,25000.0,10000,0.2857142857142857,0,7777.777777777777
YMM251001-00000156,SMF87846210,"2025 첫수확 노지감귤 가정용 3kg, 5kg",소과,3.0,2,17000.0,8800.0,16400,0.4823529411764706,0,11333.333333333334
YMM251001-00000158,SMF35967612,초고당도 감귤 신품종[유라실생] 4.5kg(실중량4kg),소과,4.5,1,35000.0,25000.0,10000,0.2857142857142857,0,7777.777777777777
YMM251001-00000159,SMF35967612,초고당도 감귤 신품종[유라실생] 4.5kg(실중량4kg),소과,4.5,1,35000.0,25000.0,10000,0.2857142857142857,0,7777.777777777777
YMM251001-00000160,SMF29718566,제주 산지직송 황금향 선물세트 가정용,소과,2.0,2,21000.0,15000.0,12000,0.2857142857142857,0,21000.0
YMM251001-00000161,SMF29718566,제주 산지직송 황금향 선물세트 가정용,소과,3.0,1,32000.0,15800.0,16200,0.50625,0,10666.666666666666
YMM251001-00000162,SMF87846210,"2025 첫수확 노지감귤 가정용 3kg, 5kg",소과,5.0,1,24000.0,13300.0,10700,0.44583333333333336,0,4800.0
YMM251001-00000163,SMF35967612,초고당도 감귤 신품종[유라실생] 4.5kg(실중량4kg),소과,4.5,1,35000.0,25000.0,10000,0.2857142857142857,0,7777.777777777777
YMM251001-00000165,SMF29718566,제주 산지직송 황금향 선물세트 가정용,소과,2.0,1,21000.0,15000.0,6000,0.2857142857142857,0,10500.0
YMM251001-00000166,SMF35967612,초고당도 감귤 신품종[유라실생] 4.5kg(실중량4kg),소과,4.5,3,35000.0,25000.0,30000,0.2857142857142857,0,23333.333333333332
YMM251001-00000167,SMF35967612,초고당도 감귤 신품종[유라실생] 4.5kg(실중량4kg),소과,4.5,1,35000.0,25000.0,10000,0.2857142857142857,0,7777.777777777777
YMM251001-00000168,SMF35967612,초고당도 감귤 신품종[유라실생] 4.5kg(실중량4kg),소과,4.5,1,35000.0,25000.0,10000,0.2857142857142857,0,7777.777777777777
YMM251001-00000169,SMF35967612,초고당도 감귤 신품종[유라실생] 4.5kg(실중량4kg),소과,4.5,1,35000.0,25000.0,10000,0.2857142857142857,0,7777.777777777777
YMM251001-00000170,SMF35967612,초고당도 감귤 신품종[유라실생] 4.5kg(실중량4kg),소과,7.0,2,51000.0,40000.0,22000,0.21568627450980393,0,14571.42857142857
YMM251001-00000171,SMF35967612,초고당도 감귤 신품종[유라실생] 4.5kg(실중량4kg),소과,4.5,2,35000.0,25000.0,20000,0.2857142857142857,0,15555.555555555555
YMM251001-00000172,SMF35967612,초고당도 감귤 신품종[유라실생] 4.5kg(실중량4kg),소과,7.0,1,51000.0,40000.0,11000,0.21568627450980393,0,7285.714285714285
YMM251001-00000173,SMF35967612,초고당도 감귤 신품종[유라실생] 4.5kg(실중량4kg),소과,4.5,1,35000.0,25000.0,10000,0.2857142857142857,0,7777.777777777777
YMM251001-00000174,SMF35967612,초고당도 감귤 신품종[유라실생] 4.5kg(실중량4kg),소과,4.5,1,35000.0,25000.0,10000,0.2857142857142857,0,7777.777777777777
YMM251001-00000176,SMF35967612,초고당도 감귤 신품종[유라실생] 4.5kg(실중량4kg),소과,4.5,1,35000.0,25000.0,10000,0.2857142857142857,0,7777.777777777777
YMM251001-00000177,SMF35967612,초고당도 감귤 신품종[유라실생] 4.5kg(실중량4kg),소과,4.5,1,35000.0,25000.0,10000,0.2857142857142857,0,7777.777777777777
YMM251001-00000179,SMF35967612,초고당도 감귤 신품종[유라실생] 4.5kg(실중량4kg),소과,4.5,1,35000.0,25000.0,10000,0.2857142857142857,0,7777.777777777777
YMM251001-00000181,SMF35967612,초고당도 감귤 신품종[유라실생] 4.5kg(실중량4kg),소과,4.5,1,35000.0,25000.0,10000,0.2857142857142857,0,7777.777777777777
YMM251001-00000182,SMF35967612,초고당도 감귤 신품종[유라실생] 4.5kg(실중량4kg),소과,4.5,1,35000.0,25000.0,10000,0.2857142857142857,0,7777.777777777777
YMM251001-00000183,SMF35967612,초고당도 감귤 신품종[유라실생] 4.5kg(실중량4kg),소과,4.5,3,35000.0,25000.0,30000,0.2857142857142857,0,23333.333333333332
YMM251001-00000186,SMF35967612,초고당도 감귤 신품종[유라실생] 4.5kg(실중량4kg),소과,7.0,1,51000.0,40000.0,11000,0.21568627450980393,0,7285.714285714285
YMM251001-00000187,SMF35967612,초고당도 감귤 신품종[유라실생] 4.5kg(실중량4kg),소과,4.5,1,35000.0,25000.0,10000,0.2857142857142857,0,7777.777777777777
YMM251001-00000188,SMF29718566,제주 산지직송 황금향 선물세트 가정용,소과,2.0,3,21000.0,15000.0,18000,0.2857142857142857,0,31500.0
YMM251001-00000189,SMF35967612,초고당도 감귤 신품종[유라실생] 4.5kg(실중량4kg),소과,7.0,1,51000.0,40000.0,11000,0.21568627450980393,0,7285.714285714285
YMM251001-00000190,SMF35967612,초고당도 감귤 신품종[유라실생] 4.5kg(실중량4kg),소과,4.5,1,35000.0,25000.0,10000,0.2857142857142857,0,7777.777777777777
YMM251001-00000191,SMF29718566,제주 산지직송 황금향 선물세트 가정용,중대과,2.5,1,39000.0,25000.0,14000,0.358974358974359,0,15600.0
YMM251001-00000192,SMF35967612,초고당도 감귤 신품종[유라실생] 4.5kg(실중량4kg),소과,7.0,1,51000.0,40000.0,11000,0.21568627450980393,0,7285.714285714285
YMM251001-00000193,SMF29718566,제주 산지직송 황금향 선물세트 가정용,중대과,2.5,1,39000.0,25000.0,14000,0.358974358974359,0,15600.0
YMM251001-00000194,SMF35967612,초고당도 감귤 신품종[유라실생] 4.5kg(실중량4kg),소과,4.5,1,35000.0,25000.0,10000,0.2857142857142857,0,7777.777777777777
YMM251001-00000195,SMF29718566,제주 산지직송 황금향 선물세트 가정용,소과,2.0,1,21000.0,15000.0,6000,0.2857142857142857,0,10500.0
YMM251001-00000196,SMF29718566,제주 산지직송 황금향 선물세트 가정용,중대과,4.5,1,54000.0,40000.0,14000,0.25925925925925924,0,12000.0
YMM251001-00000197,SMF35967612,초고당도 감귤 신품종[유라실생] 4.5kg(실중량4kg),소과,7.0,1,51000.0,40000.0,11000,0.21568627450980393,0,7285.714285714285
YMM251001-00000198,SMF35967612,초고당도 감귤 신품종[유라실생] 4.5kg(실중량4kg),소과,4.5,1,35000.0,25000.0,10000,0.2857142857142857,0,7777.777777777777
YMM251001-00000199,SMF35967612,초고당도 감귤 신품종[유라실생] 4.5kg(실중량4kg),소과,4.5,1,35000.0,25000.0,10000,0.2857142857142857,0,7777.777777777777
YMM251001-00000200,SMF29718566,제주 산지직송 황금향 선물세트 가정용,소과,3.0,1,32000.0,15800.0,16200,0.50625,0,10666.666666666666
YMM251001-00000201,SMF35967612,초고당도 감귤 신품종[유라실생] 4.5kg(실중량4kg),소과,7.0,1,51000.0,40000.0,11000,0.21568627450980393,0,7285.714285714285
YMM251001-00000202,SMF35967612,초고당도 감귤 신품종[유라실생] 4.5kg(실중량4kg),소과,4.5,1,35000.0,25000.0,10000,0.2857142857142857,0,7777.777777777777
YMM251001-00000203,SMF35967612,초고당도 감귤 신품종[유라실생] 4.5kg(실중량4kg),소과,7.0,1,51000.0,40000.0,11000,0.21568627450980393,0,7285.714285714285
YMM251001-00000204,SMF35967612,초고당도 감귤 신품종[유라실생] 4.5kg(실중량4kg),소과,4.5,1,35000.0,25000.0,10000,0.2857142857142857,0,7777.777777777777
YMM251001-00000205,SMF35967612,초고당도 감귤 신품종[유라실생] 4.5kg(실중량4kg),소과,4.5,1,35000.0,25000.0,10000,0.2857142857142857,0,7777.777777777777
YMM251001-00000206,SMF35967612,초고당도 감귤 신품종[유라실생] 4.5kg(실중량4kg),소과,4.5,1,35000.0,25000.0,10000,0.2857142857142857,0,7777.777777777777
YMM251001-00000207,SMF35967612,초고당도 감귤 신품종[유라실생] 4.5kg(실중량4kg),소과,4.5,1,35000.0,25000.0,10000,0.2857142857142857,0,7777.777777777777
YMM251001-00000208,SMF29718566,제주 산지직송 황금향 선물세트 가정용,중대과,4.5,1,54000.0,40000.0,14000,0.25925925925925924,0,12000.0
YMM251001-00000209,SMF35967612,초고당도 감귤 신품종[유라실생] 4.5kg(실중량4kg),소과,7.0,1,51000.0,40000.0,11000,0.21568627450980393,0,7285.714285714285
YMM251001-00000211,SMF35967612,초고당도 감귤 신품종[유라실생] 4.5kg(실중량4kg),소과,4.5,1,35000.0,25000.0,10000,0.2857142857142857,0,7777.777777777777
YMM251001-00000213,SMF35967612,초고당도 감귤 신품종[유라실생] 4.5kg(실중량4kg),소과,4.5,1,35000.0,25000.0,10000,0.2857142857142857,0,7777.777777777777
YMM251001-00000214,SMF35967612,초고당도 감귤 신품종[유라실생] 4.5kg(실중량4kg),소과,4.5,1,35000.0,25000.0,10000,0.2857142857142857,0,7777.777777777777
YMM251001-00000217,SMF35967612,초고당도 감귤 신품종[유라실생] 4.5kg(실중량4kg),소과,7.0,1,51000.0,40000.0,11000,0.21568627450980393,0,7285.714285714285
YMM251001-00000218,SMF35967612,초고당도 감귤 신품종[유라실생] 4.5kg(실중량4kg),소과,4.5,1,35000.0,25000.0,10000,0.2857142857142857,0,7777.777777777777
YMM251001-00000219,SMF35967612,초고당도 감귤 신품종[유라실생] 4.5kg(실중량4kg),소과,4.5,1,35000.0,25000.0,10000,0.2857142857142857,0,7777.777777777777
YMM251001-00000220,SMF35967612,초고당도 감귤 신품종[유라실생] 4.5kg(실중량4kg),소과,4.5,1,35000.0,25000.0,10000,0.2857142857142857,0,7777.777777777777
YMM251001-00000221,SMF35967612,초고당도 감귤 신품종[유라실생] 4.5kg(실중량4kg),소과,4.5,1,35000.0,25000.0,10000,0.2857142857142857,0,7777.777777777777
YMM251001-00000222,SMF35967612,초고당도 감귤 신품종[유라실생] 4.5kg(실중량4kg),소과,4.5,1,35000.0,25000.0,10000,0.2857142857142857,0,7777.777777777777
YMM251001-00000223,SMF35967612,초고당도 감귤 신품종[유라실생] 4.5kg(실중량4kg),소과,7.0,1,51000.0,40000.0,11000,0.21568627450980393,0,7285.714285714285
YMM251002-00000001,SMF35967612,초고당도 감귤 신품종[유라실생] 4.5kg(실중량4kg),소과,7.0,2,51000.0,40000.0,22000,0.21568627450980393,0,14571.42857142857
YMM251002-00000002,SMF35967612,초고당도 감귤 신품종[유라실생] 4.5kg(실중량4kg),소과,4.5,1,35000.0,25000.0,10000,0.2857142857142857,0,7777.777777777777
YMM251002-00000003,SMF35967612,초고당도 감귤 신품종[유라실생] 4.5kg(실중량4kg),소과,4.5,1,35000.0,25000.0,10000,0.2857142857142857,0,7777.777777777777
YMM251002-00000009,SMF35967612,초고당도 감귤 신품종[유라실생] 4.5kg(실중량4kg),소과,4.5,1,35000.0,25000.0,10000,0.2857142857142857,0,7777.777777777777
YMM251002-00000011,SMF35967612,초고당도 감귤 신품종[유라실생] 4.5kg(실중량4kg),소과,4.5,1,35000.0,25000.0,10000,0.2857142857142857,0,7777.777777777777
YMM251002-00000012,SMF29718566,제주 산지직송 황금향 선물세트 가정용,중대과,2.5,3,39000.0,25000.0,42000,0.358974358974359,0,46800.0
YMM251002-00000013,SMF35967612,초고당도 감귤 신품종[유라실생] 4.5kg(실중량4kg),소과,4.5,5,35000.0,25000.0,50000,0.2857142857142857,0,38888.88888888889
YMM251002-00000014,SMF35967612,초고당도 감귤 신품종[유라실생] 4.5kg(실중량4kg),소과,4.5,1,35000.0,25000.0,10000,0.2857142857142857,0,7777.777777777777
YMM251002-00000016,SMF35967612,초고당도 감귤 신품종[유라실생] 4.5kg(실중량4kg),소과,4.5,1,35000.0,25000.0,10000,0.2857142857142857,0,7777.777777777777
YMM251002-00000017,SMF87846210,"2025 첫수확 노지감귤 가정용 3kg, 5kg",로얄과,10.0,1,35000.0,23000.0,12000,0.34285714285714286,0,3500.0
YMM251002-00000018,SMF35967612,초고당도 감귤 신품종[유라실생] 4.5kg(실중량4kg),소과,4.5,1,35000.0,25000.0,10000,0.2857142857142857,0,7777.777777777777
YMM251002-00000019,SMF29718566,제주 산지직송 황금향 선물세트 가정용,소과,2.0,1,21000.0,15000.0,6000,0.2857142857142857,0,10500.0
YMM251002-00000020,SMF29718566,제주 산지직송 황금향 선물세트 가정용,중대과,2.5,2,39000.0,25000.0,28000,0.358974358974359,0,31200.0
YMM251002-00000021,SMF29718566,제주 산지직송 황금향 선물세트 가정용,소과,2.0,2,21000.0,15000.0,12000,0.2857142857142857,0,21000.0
YMM251002-00000022,SMF29718566,제주 산지직송 황금향 선물세트 가정용,소과,2.0,1,21000.0,15000.0,6000,0.2857142857142857,0,10500.0
YMM251002-00000023,SMF87846210,"2025 첫수확 노지감귤 가정용 3kg, 5kg",소과,3.0,1,17000.0,8800.0,8200,0.4823529411764706,0,5666.666666666667
YMM251002-00000024,SMF87846210,"2025 첫수확 노지감귤 가정용 3kg, 5kg",로얄과,5.0,2,29500.0,18150.0,22700,0.3847457627118644,0,11800.0
YMM251002-00000025,SMF35967612,초고당도 감귤 신품종[유라실생] 4.5kg(실중량4kg),소과,7.0,1,51000.0,40000.0,11000,0.21568627450980393,0,7285.714285714285
YMM251002-00000026,SMF35967612,초고당도 감귤 신품종[유라실생] 4.5kg(실중량4kg),소과,4.5,1,35000.0,25000.0,10000,0.2857142857142857,0,7777.777777777777
YMM251002-00000027,SMF35967612,초고당도 감귤 신품종[유라실생] 4.5kg(실중량4kg),소과,7.0,1,51000.0,40000.0,11000,0.21568627450980393,0,7285.714285714285
YMM251002-00000028,SMF29718566,제주 산지직송 황금향 선물세트 가정용,소과,2.0,2,21000.0,15000.0,12000,0.2857142857142857,0,21000.0
YMM251002-00000029,SMF35967612,초고당도 감귤 신품종[유라실생] 4.5kg(실중량4kg),소과,7.0,1,51000.0,40000.0,11000,0.21568627450980393,0,7285.714285714285
YMM251002-00000030,SMF29718566,제주 산지직송 황금향 선물세트 가정용,중대과,2.5,1,39000.0,25000.0,14000,0.358974358974359,0,15600.0
YMM251002-00000032,SMF29718566,제주 산지직송 황금향 선물세트 가정용,소과,2.0,1,21000.0,15000.0,6000,0.2857142857142857,0,10500.0
YMM251002-00000033,SMF29718566,제주 산지직송 황금향 선물세트 가정용,소과,2.0,2,26500.0,15400.0,22200,0.4188679245283019,0,26500.0
YMM251002-00000034,SMF29718566,제주 산지직송 황금향 선물세트 가정용,소과,2.0,1,21000.0,15000.0,6000,0.2857142857142857,0,10500.0
YMM251002-00000035,SMF29718566,제주 산지직송 황금향 선물세트 가정용,소과,2.0,1,21000.0,15000.0,6000,0.2857142857142857,0,10500.0
YMM251002-00000036,SMF29718566,제주 산지직송 황금향 선물세트 가정용,소과,2.0,1,21000.0,15000.0,6000,0.2857142857142857,0,10500.0
YMM251002-00000037,SMF29718566,제주 산지직송 황금향 선물세트 가정용,소과,2.0,1,21000.0,15000.0,6000,0.2857142857142857,0,10500.0
YMM251002-00000038,SMF29718566,제주 산지직송 황금향 선물세트 가정용,소과,2.0,2,21000.0,15000.0,12000,0.2857142857142857,0,21000.0
YMM251002-00000040,SMF87846210,"2025 첫수확 노지감귤 가정용 3kg, 5kg",소과,3.0,1,17000.0,8800.0,8200,0.4823529411764706,0,5666.666666666667
YMM251002-00000041,SMF29718566,제주 산지직송 황금향 선물세트 가정용,소과,2.0,3,21000.0,15000.0,18000,0.2857142857142857,0,31500.0
YMM251002-00000043,SMF29718566,제주 산지직송 황금향 선물세트 가정용,소과,2.0,2,21000.0,15000.0,12000,0.2857142857142857,0,21000.0
YMM251002-00000044,SMF29718566,제주 산지직송 황금향 선물세트 가정용,소과,2.0,1,21000.0,15000.0,6000,0.2857142857142857,0,10500.0
YMM251002-00000045,SMF35967612,초고당도 감귤 신품종[유라실생] 4.5kg(실중량4kg),소과,7.0,1,51000.0,40000.0,11000,0.21568627450980393,0,7285.714285714285
YMM251002-00000046,SMF29718566,제주 산지직송 황금향 선물세트 가정용,소과,2.0,2,21000.0,15000.0,12000,0.2857142857142857,0,21000.0
YMM251002-00000047,SMF35967612,초고당도 감귤 신품종[유라실생] 4.5kg(실중량4kg),소과,7.0,1,51000.0,40000.0,11000,0.21568627450980393,0,7285.714285714285
YMM251002-00000050,SMF35967612,초고당도 감귤 신품종[유라실생] 4.5kg(실중량4kg),소과,4.5,1,35000.0,25000.0,10000,0.2857142857142857,0,7777.777777777777
YMM251002-00000051,SMF29718566,제주 산지직송 황금향 선물세트 가정용,중대과,4.5,1,54000.0,40000.0,14000,0.25925925925925924,0,12000.0
YMM251002-00000052,SMF29718566,제주 산지직송 황금향 선물세트 가정용,중대과,4.5,1,54000.0,40000.0,14000,0.25925925925925924,0,12000.0
YMM251002-00000053,SMF29718566,제주 산지직송 황금향 선물세트 가정용,소과,2.0,1,21000.0,15000.0,6000,0.2857142857142857,0,10500.0
YMM251002-00000054,SMF87846210,"2025 첫수확 노지감귤 가정용 3kg, 5kg",소과,3.0,1,17000.0,8800.0,8200,0.4823529411764706,0,5666.666666666667
YMM251002-00000055,SMF29718566,제주 산지직송 황금향 선물세트 가정용,소과,3.0,1,32000.0,15800.0,16200,0.50625,0,10666.666666666666
YMM251002-00000056,SMF87846210,"2025 첫수확 노지감귤 가정용 3kg, 5kg",로얄과,5.0,1,24000.0,13300.0,10700,0.44583333333333336,0,4800.0
YMM251002-00000057,SMF87846210,"2025 첫수확 노지감귤 가정용 3kg, 5kg",소과,5.0,1,24000.0,13300.0,10700,0.44583333333333336,0,4800.0
YMM251002-00000058,SMF29718566,제주 산지직송 황금향 선물세트 가정용,소과,3.0,1,32000.0,15800.0,16200,0.50625,0,10666.666666666666
YMM251002-00000059,SMF29718566,제주 산지직송 황금향 선물세트 가정용,소과,2.0,1,21000.0,15000.0,6000,0.2857142857142857,0,10500.0
YMM251002-00000060,SMF29718566,제주 산지직송 황금향 선물세트 가정용,중대과,4.5,1,54000.0,40000.0,14000,0.25925925925925924,0,12000.0
YMM251002-00000061,SMF29718566,제주 산지직송 황금향 선물세트 가정용,소과,2.0,1,21000.0,15000.0,6000,0.2857142857142857,0,10500.0
YMM251002-00000062,SMF35967612,초고당도 감귤 신품종[유라실생] 4.5kg(실중량4kg),소과,4.5,1,35000.0,25000.0,10000,0.2857142857142857,0,7777.777777777777
YMM251002-00000063,SMF29718566,제주 산지직송 황금향 선물세트 가정용,소과,2.0,1,21000.0,15000.0,6000,0.2857142857142857,0,10500.0
YMM251002-00000064,SMF29718566,제주 산지직송 황금향 선물세트 가정용,소과,2.0,1,21000.0,15000.0,6000,0.2857142857142857,0,10500.0
YMM251002-00000065,SMF29718566,제주 산지직송 황금향 선물세트 가정용,소과,2.0,2,21000.0,15000.0,12000,0.2857142857142857,0,21000.0
YMM251002-00000066,SMF29718566,제주 산지직송 황금향 선물세트 가정용,소과,2.0,1,21000.0,15000.0,6000,0.2857142857142857,0,10500.0
YMM251002-00000067,SMF35967612,초고당도 감귤 신품종[유라실생] 4.5kg(실중량4kg),소과,4.5,1,35000.0,25000.0,10000,0.2857142857142857,0,7777.777777777777
YMM251002-00000068,SMF29718566,제주 산지직송 황금향 선물세트 가정용,소과,2.0,1,21000.0,15000.0,6000,0.2857142857142857,0,10500.0
YMM251002-00000069,SMF35967612,초고당도 감귤 신품종[유라실생] 4.5kg(실중량4kg),소과,4.5,1,35000.0,25000.0,10000,0.2857142857142857,0,7777.777777777777
YMM251002-00000070,SMF29718566,제주 산지직송 황금향 선물세트 가정용,소과,2.0,1,21000.0,15000.0,6000,0.2857142857142857,0,10500.0
YMM251002-00000071,SMF35967612,초고당도 감귤 신품종[유라실생] 4.5kg(실중량4kg),소과,4.5,1,35000.0,25000.0,10000,0.2857142857142857,0,7777.777777777777
YMM251002-00000072,SMF29718566,제주 산지직송 황금향 선물세트 가정용,소과,2.0,1,21000.0,15000.0,6000,0.2857142857142857,0,10500.0
YMM251002-00000073,SMF29718566,제주 산지직송 황금향 선물세트 가정용,소과,2.0,1,21000.0,15000.0,6000,0.2857142857142857,0,10500.0
YMM251002-00000074,SMF29718566,제주 산지직송 황금향 선물세트 가정용,소과,2.0,1,21000.0,15000.0,6000,0.2857142857142857,0,10500.0
YMM251002-00000076,SMF29718566,제주 산지직송 황금향 선물세트 가정용,소과,2.0,3,21000.0,15000.0,18000,0.2857142857142857,0,31500.0
YMM251002-00000077,SMF29718566,제주 산지직송 황금향 선물세트 가정용,소과,2.0,2,21000.0,15000.0,12000,0.2857142857142857,0,21000.0
YMM251002-00000078,SMF87846210,"2025 첫수확 노지감귤 가정용 3kg, 5kg",소과,3.0,1,17000.0,8800.0,8200,0.4823529411764706,0,5666.666666666667
YMM251002-00000079,SMF29718566,제주 산지직송 황금향 선물세트 가정용,중대과,4.5,1,54000.0,40000.0,14000,0.25925925925925924,0,12000.0
YMM251002-00000080,SMF29718566,제주 산지직송 황금향 선물세트 가정용,중대과,4.5,1,54000.0,40000.0,14000,0.25925925925925924,0,12000.0
YMM251002-00000081,SMF35967612,초고당도 감귤 신품종[유라실생] 4.5kg(실중량4kg),소과,7.0,1,51000.0,40000.0,11000,0.21568627450980393,0,7285.714285714285
YMM251002-00000082,SMF29718566,제주 산지직송 황금향 선물세트 가정용,중대과,4.5,2,54000.0,40000.0,28000,0.25925925925925924,0,24000.0
YMM251002-00000083,SMF35967612,초고당도 감귤 신품종[유라실생] 4.5kg(실중량4kg),소과,7.0,1,51000.0,40000.0,11000,0.21568627450980393,0,7285.714285714285
YMM251002-00000084,SMF29718566,제주 산지직송 황금향 선물세트 가정용,소과,3.0,1,32000.0,15800.0,16200,0.50625,0,10666.666666666666
YMM251002-00000085,SMF87846210,"2025 첫수확 노지감귤 가정용 3kg, 5kg",로얄과,3.0,1,17000.0,8800.0,8200,0.4823529411764706,0,5666.666666666667
YMM251002-00000086,SMF87846210,"2025 첫수확 노지감귤 가정용 3kg, 5kg",소과,3.0,1,17000.0,8800.0,8200,0.4823529411764706,0,5666.666666666667
YMM251002-00000087,SMF29718566,제주 산지직송 황금향 선물세트 가정용,소과,2.0,10,21000.0,15000.0,60000,0.2857142857142857,0,105000.0
YMM251002-00000089,SMF29718566,제주 산지직송 황금향 선물세트 가정용,소과,2.0,2,21000.0,15000.0,12000,0.2857142857142857,0,21000.0
YMM251002-00000090,SMF29718566,제주 산지직송 황금향 선물세트 가정용,소과,2.0,4,21000.0,15000.0,24000,0.2857142857142857,0,42000.0
YMM251002-00000091,SMF87846210,"2025 첫수확 노지감귤 가정용 3kg, 5kg",소과,3.0,2,17000.0,8800.0,16400,0.4823529411764706,0,11333.333333333334
YMM251002-00000093,SMF35967612,초고당도 감귤 신품종[유라실생] 4.5kg(실중량4kg),소과,4.5,1,35000.0,25000.0,10000,0.2857142857142857,0,7777.777777777777
YMM251002-00000094,SMF35967612,초고당도 감귤 신품종[유라실생] 4.5kg(실중량4kg),소과,4.5,1,35000.0,25000.0,10000,0.2857142857142857,0,7777.777777777777
YMM251002-00000095,SMF29718566,제주 산지직송 황금향 선물세트 가정용,소과,5.0,1,42000.0,25000.0,17000,0.40476190476190477,0,8400.0
YMM251002-00000096,SMF87846210,"2025 첫수확 노지감귤 가정용 3kg, 5kg",로얄과,5.0,1,24000.0,13300.0,10700,0.44583333333333336,0,4800.0
YMM251002-00000097,SMF87846210,"2025 첫수확 노지감귤 가정용 3kg, 5kg",소과,3.0,1,17000.0,8800.0,8200,0.4823529411764706,0,5666.666666666667
YMM251002-00000098,SMF29718566,제주 산지직송 황금향 선물세트 가정용,소과,2.0,1,21000.0,15000.0,6000,0.2857142857142857,0,10500.0
YMM251003-00000001,SMF35967612,초고당도 감귤 신품종[유라실생] 4.5kg(실중량4kg),소과,7.0,1,51000.0,40000.0,11000,0.21568627450980393,0,7285.714285714285
YMM251003-00000002,SMF35967612,초고당도 감귤 신품종[유라실생] 4.5kg(실중량4kg),소과,4.5,1,35000.0,25000.0,10000,0.2857142857142857,0,7777.777777777777
YMM251003-00000003,SMF35967612,초고당도 감귤 신품종[유라실생] 4.5kg(실중량4kg),소과,4.5,1,35000.0,25000.0,10000,0.2857142857142857,0,7777.777777777777
YMM251003-00000004,SMF29718566,제주 산지직송 황금향 선물세트 가정용,중대과,4.5,1,54000.0,40000.0,14000,0.25925925925925924,0,12000.0
YMM251003-00000005,SMF29718566,제주 산지직송 황금향 선물세트 가정용,중대과,4.5,1,54000.0,40000.0,14000,0.25925925925925924,0,12000.0
YMM251003-00000006,SMF29718566,제주 산지직송 황금향 선물세트 가정용,소과,2.0,1,21000.0,15000.0,6000,0.2857142857142857,0,10500.0
YMM251003-00000007,SMF29718566,제주 산지직송 황금향 선물세트 가정용,소과,2.0,2,21000.0,15000.0,12000,0.2857142857142857,0,21000.0
YMM251003-00000008,SMF87846210,"2025 첫수확 노지감귤 가정용 3kg, 5kg",소과,3.0,1,17000.0,8800.0,8200,0.4823529411764706,0,5666.666666666667
YMM251003-00000011,SMF87846210,"2025 첫수확 노지감귤 가정용 3kg, 5kg",소과,3.0,1,17000.0,8800.0,8200,0.4823529411764706,0,5666.666666666667
YMM251003-00000012,SMF29718566,제주 산지직송 황금향 선물세트 가정용,중대과,4.5,1,54000.0,40000.0,14000,0.25925925925925924,0,12000.0
YMM251004-00000001,SMF87846210,"2025 첫수확 노지감귤 가정용 3kg, 5kg",소과,3.0,1,17000.0,8800.0,8200,0.4823529411764706,0,5666.666666666667
YMM251004-00000006,SMF29718566,제주 산지직송 황금향 선물세트 가정용,소과,2.0,1,21000.0,15000.0,6000,0.2857142857142857,0,10500.0
YMM251004-00000008,SMF35967612,초고당도 감귤 신품종[유라실생] 4.5kg(실중량4kg),소과,4.5,1,35000.0,25000.0,10000,0.2857142857142857,0,7777.777777777777
YMM251004-00000009,SMF68590571,제주 산지직송 하우스감귤,소과,2.0,1,16000.0,14000.0,2000,0.125,1,8000.0
YMM251004-00000011,SMF35967612,초고당도 감귤 신품종[유라실생] 4.5kg(실중량4kg),소과,4.5,1,35000.0,25000.0,10000,0.2857142857142857,0,7777.777777777777
YMM251004-00000013,SMF29718566,제주 산지직송 황금향 선물세트 가정용,소과,3.0,1,32000.0,15800.0,16200,0.50625,0,10666.666666666666
YMM251004-00000014,SMF87846210,"2025 첫수확 노지감귤 가정용 3kg, 5kg",소과,5.0,1,24000.0,13300.0,10700,0.44583333333333336,0,4800.0
YMM251004-00000020,SMF29718566,제주 산지직송 황금향 선물세트 가정용,소과,2.0,1,21000.0,15000.0,6000,0.2857142857142857,0,10500.0
YMM251004-00000021,SMF87846210,"2025 첫수확 노지감귤 가정용 3kg, 5kg",소과,3.0,1,17000.0,8800.0,8200,0.4823529411764706,0,5666.666666666667
YMM251004-00000022,SMF29718566,제주 산지직송 황금향 선물세트 가정용,중대과,2.5,12,39000.0,25000.0,168000,0.358974358974359,0,187200.0
YMM251004-00000023,SMF68590571,제주 산지직송 하우스감귤,소과,2.0,1,16000.0,14000.0,2000,0.125,1,8000.0
YMM251004-00000024,SMF87846210,"2025 첫수확 노지감귤 가정용 3kg, 5kg",소과,5.0,1,24000.0,13300.0,10700,0.44583333333333336,0,4800.0
YMM251005-00000001,SMF87846210,"2025 첫수확 노지감귤 가정용 3kg, 5kg",소과,3.0,1,17000.0,8800.0,8200,0.4823529411764706,0,5666.666666666667
YMM251005-00000002,SMF87846210,"2025 첫수확 노지감귤 가정용 3kg, 5kg",소과,5.0,1,24000.0,13300.0,10700,0.44583333333333336,0,4800.0
YMM251005-00000003,SMF87846210,"2025 첫수확 노지감귤 가정용 3kg, 5kg",소과,3.0,1,17000.0,8800.0,8200,0.4823529411764706,0,5666.666666666667
YMM251005-00000004,SMF87846210,"2025 첫수확 노지감귤 가정용 3kg, 5kg",로얄과,5.0,1,24000.0,13300.0,10700,0.44583333333333336,0,4800.0
YMM251005-00000005,SMF87846210,"2025 첫수확 노지감귤 가정용 3kg, 5kg",로얄과,5.0,1,24000.0,13300.0,10700,0.44583333333333336,0,4800.0
YMM251005-00000006,SMF29718566,제주 산지직송 황금향 선물세트 가정용,소과,2.0,1,21000.0,15000.0,6000,0.2857142857142857,0,10500.0
YMM251005-00000007,SMF87846210,"2025 첫수확 노지감귤 가정용 3kg, 5kg",소과,5.0,1,24000.0,13300.0,10700,0.44583333333333336,0,4800.0
YMM251005-00000009,SMF87846210,"2025 첫수확 노지감귤 가정용 3kg, 5kg",소과,5.0,1,24000.0,13300.0,10700,0.44583333333333336,0,4800.0
YMM251006-00000001,SMF29718566,제주 산지직송 황금향 선물세트 가정용,소과,5.0,1,42000.0,25000.0,17000,0.40476190476190477,0,8400.0
YMM251006-00000002,SMF87846210,"2025 첫수확 노지감귤 가정용 3kg, 5kg",로얄과,5.0,1,24000.0,13300.0,10700,0.44583333333333336,0,4800.0
YMM251006-00000003,SMF87846210,"2025 첫수확 노지감귤 가정용 3kg, 5kg",소과,3.0,1,17000.0,8800.0,8200,0.4823529411764706,0,5666.666666666667
YMM251006-00000004,SMF29718566,제주 산지직송 황금향 선물세트 가정용,소과,5.0,1,42000.0,25000.0,17000,0.40476190476190477,0,8400.0
YMM251006-00000005,SMF87846210,"2025 첫수확 노지감귤 가정용 3kg, 5kg",소과,10.0,1,35000.0,23000.0,12000,0.34285714285714286,0,3500.0
YMM251006-00000006,SMF87846210,"2025 첫수확 노지감귤 가정용 3kg, 5kg",소과,5.0,1,24000.0,13300.0,10700,0.44583333333333336,0,4800.0
YMM251007-00000001,SMF87846210,"2025 첫수확 노지감귤 가정용 3kg, 5kg",소과,10.0,1,35000.0,23000.0,12000,0.34285714285714286,0,3500.0
YMM251007-00000002,SMF87846210,"2025 첫수확 노지감귤 가정용 3kg, 5kg",소과,3.0,1,17000.0,8800.0,8200,0.4823529411764706,0,5666.666666666667
YMM251007-00000003,SMF29718566,제주 산지직송 황금향 선물세트 가정용,소과,2.0,1,21000.0,15000.0,6000,0.2857142857142857,0,10500.0
YMM251007-00000004,SMF87846210,"2025 첫수확 노지감귤 가정용 3kg, 5kg",소과,3.0,2,17000.0,8800.0,16400,0.4823529411764706,0,11333.333333333334
YMM251007-00000005,SMF29718566,제주 산지직송 황금향 선물세트 가정용,소과,2.0,1,21000.0,15000.0,6000,0.2857142857142857,0,10500.0
YMM251007-00000006,SMF29718566,제주 산지직송 황금향 선물세트 가정용,소과,5.0,1,42000.0,25000.0,17000,0.40476190476190477,0,8400.0
YMM251007-00000009,SMF87846210,"2025 첫수확 노지감귤 가정용 3kg, 5kg",소과,3.0,1,17000.0,8800.0,8200,0.4823529411764706,0,5666.666666666667
YMM251007-00000010,SMF87846210,"2025 첫수확 노지감귤 가정용 3kg, 5kg",소과,3.0,1,17000.0,8800.0,8200,0.4823529411764706,0,5666.666666666667
YMM251007-00000011,SMF87846210,"2025 첫수확 노지감귤 가정용 3kg, 5kg",소과,3.0,1,17000.0,8800.0,8200,0.4823529411764706,0,5666.666666666667
YMM251007-00000012,SMF87846210,"2025 첫수확 노지감귤 가정용 3kg, 5kg",소과,3.0,1,17000.0,8800.0,8200,0.4823529411764706,0,5666.666666666667
YMM251008-00000001,SMF87846210,"2025 첫수확 노지감귤 가정용 3kg, 5kg",로얄과,10.0,1,35000.0,23000.0,12000,0.34285714285714286,0,3500.0
YMM251008-00000002,SMF87846210,"2025 첫수확 노지감귤 가정용 3kg, 5kg",소과,10.0,1,35000.0,23000.0,12000,0.34285714285714286,0,3500.0
YMM251008-00000006,SMF29718566,제주 산지직송 황금향 선물세트 가정용,소과,3.0,1,32000.0,15800.0,16200,0.50625,0,10666.666666666666
YMM251008-00000007,SMF29718566,제주 산지직송 황금향 선물세트 가정용,소과,2.0,1,21000.0,15000.0,6000,0.2857142857142857,0,10500.0
YMM251008-00000008,SMF87846210,"2025 첫수확 노지감귤 가정용 3kg, 5kg",소과,3.0,1,17000.0,8800.0,8200,0.4823529411764706,0,5666.666666666667
YMM251008-00000009,SMF29718566,제주 산지직송 황금향 선물세트 가정용,중대과,2.5,1,39000.0,25000.0,14000,0.358974358974359,0,15600.0
YMM251008-00000010,SMF87846210,"2025 첫수확 노지감귤 가정용 3kg, 5kg",소과,5.0,1,24000.0,13300.0,10700,0.44583333333333336,0,4800.0
YMM251008-00000011,SMF29718566,제주 산지직송 황금향 선물세트 가정용,소과,2.0,1,21000.0,15000.0,6000,0.2857142857142857,0,10500.0
YMM251008-00000012,SMF29718566,제주 산지직송 황금향 선물세트 가정용,소과,2.0,1,21000.0,15000.0,6000,0.2857142857142857,0,10500.0
YMM251008-00000013,SMF87846210,"2025 첫수확 노지감귤 가정용 3kg, 5kg",소과,3.0,1,17000.0,8800.0,8200,0.4823529411764706,0,5666.666666666667
YMM251008-00000014,SMF87846210,"2025 첫수확 노지감귤 가정용 3kg, 5kg",소과,3.0,1,17000.0,8800.0,8200,0.4823529411764706,0,5666.666666666667
YMM251008-00000015,SMF87846210,"2025 첫수확 노지감귤 가정용 3kg, 5kg",로얄과,10.0,1,35000.0,23000.0,12000,0.34285714285714286,0,3500.0
YMM251009-00000001,SMF87846210,"2025 첫수확 노지감귤 가정용 3kg, 5kg",소과,3.0,1,17000.0,8800.0,8200,0.4823529411764706,0,5666.666666666667
YMM251009-00000002,SMF87846210,"2025 첫수확 노지감귤 가정용 3kg, 5kg",소과,3.0,1,17000.0,8800.0,8200,0.4823529411764706,0,5666.666666666667
YMM251009-00000003,SMF29718566,제주 산지직송 황금향 선물세트 가정용,소과,5.0,1,42000.0,25000.0,17000,0.40476190476190477,0,8400.0
YMM251009-00000004,SMF68590571,제주 산지직송 하우스감귤,일반,2.0,1,18000.0,16000.0,2000,0.1111111111111111,1,9000.0
YMM251009-00000005,SMF29718566,제주 산지직송 황금향 선물세트 가정용,소과,3.0,1,32000.0,15800.0,16200,0.50625,0,10666.666666666666
YMM251009-00000006,SMF29718566,제주 산지직송 황금향 선물세트 가정용,소과,5.0,1,42000.0,25000.0,17000,0.40476190476190477,0,8400.0
YMM251009-00000007,SMF87846210,"2025 첫수확 노지감귤 가정용 3kg, 5kg",소과,3.0,1,17000.0,8800.0,8200,0.4823529411764706,0,5666.666666666667
YMM251009-00000008,SMF29718566,제주 산지직송 황금향 선물세트 가정용,소과,3.0,1,32000.0,15800.0,16200,0.50625,0,10666.666666666666
YMM251009-00000010,SMF35967612,초고당도 감귤 신품종[유라실생] 4.5kg(실중량4kg),소과,4.5,1,35000.0,25000.0,10000,0.2857142857142857,0,7777.777777777777
YMM251009-00000011,SMF87846210,"2025 첫수확 노지감귤 가정용 3kg, 5kg",로얄과,5.0,1,24000.0,13300.0,10700,0.44583333333333336,0,4800.0
YMM251009-00000012,SMF87846210,"2025 첫수확 노지감귤 가정용 3kg, 5kg",로얄과,10.0,1,35000.0,23000.0,12000,0.34285714285714286,0,3500.0
YMM251010-00000001,SMF87846210,"2025 첫수확 노지감귤 가정용 3kg, 5kg",소과,5.0,1,24000.0,13300.0,10700,0.44583333333333336,0,4800.0
YMM251010-00000002,SMF29718566,제주 산지직송 황금향 선물세트 가정용,소과,2.0,1,21000.0,15000.0,6000,0.2857142857142857,0,10500.0
YMM251010-00000003,SMF87846210,"2025 첫수확 노지감귤 가정용 3kg, 5kg",소과,3.0,1,17000.0,8800.0,8200,0.4823529411764706,0,5666.666666666667
YMM251010-00000004,SMF87846210,"2025 첫수확 노지감귤 가정용 3kg, 5kg",소과,3.0,1,17000.0,8800.0,8200,0.4823529411764706,0,5666.666666666667
YMM251010-00000005,SMF29718566,제주 산지직송 황금향 선물세트 가정용,소과,3.0,1,32000.0,15800.0,16200,0.50625,0,10666.666666666666
YMM251010-00000008,SMF68590571,제주 산지직송 하우스감귤,대과,2.0,1,9900.0,8000.0,1900,0.1919191919191919,1,4950.0
YMM251010-00000010,SMF87846210,"2025 첫수확 노지감귤 가정용 3kg, 5kg",소과,3.0,1,17000.0,8800.0,8200,0.4823529411764706,0,5666.666666666667
YMM251010-00000011,SMF87846210,"2025 첫수확 노지감귤 가정용 3kg, 5kg",소과,3.0,2,17000.0,8800.0,16400,0.4823529411764706,0,11333.333333333334
YMM251010-00000012,SMF87846210,"2025 첫수확 노지감귤 가정용 3kg, 5kg",소과,3.0,1,17000.0,8800.0,8200,0.4823529411764706,0,5666.666666666667
YMM251010-00000013,SMF87846210,"2025 첫수확 노지감귤 가정용 3kg, 5kg",소과,3.0,1,17000.0,8800.0,8200,0.4823529411764706,0,5666.666666666667
YMM251010-00000014,SMF87846210,"2025 첫수확 노지감귤 가정용 3kg, 5kg",소과,3.0,1,17000.0,8800.0,8200,0.4823529411764706,0,5666.666666666667
YMM251010-00000015,SMF87846210,"2025 첫수확 노지감귤 가정용 3kg, 5kg",소과,5.0,1,24000.0,13300.0,10700,0.44583333333333336,0,4800.0
YMM251010-00000016,SMF87846210,"2025 첫수확 노지감귤 가정용 3kg, 5kg",소과,10.0,1,35000.0,23000.0,12000,0.34285714285714286,0,3500.0
YMM251010-00000017,SMF87846210,"2025 첫수확 노지감귤 가정용 3kg, 5kg",소과,3.0,1,17000.0,8800.0,8200,0.4823529411764706,0,5666.666666666667
YMM251010-00000018,SMF87846210,"2025 첫수확 노지감귤 가정용 3kg, 5kg",로얄과,5.0,1,24000.0,13300.0,10700,0.44583333333333336,0,4800.0
YMM251010-00000019,SMF87846210,"2025 첫수확 노지감귤 가정용 3kg, 5kg",소과,5.0,1,24000.0,13300.0,10700,0.44583333333333336,0,4800.0
YMM251010-00000021,SMF87846210,"2025 첫수확 노지감귤 가정용 3kg, 5kg",소과,10.0,1,35000.0,23000.0,12000,0.34285714285714286,0,3500.0
YMM251010-00000022,SMF87846210,"2025 첫수확 노지감귤 가정용 3kg, 5kg",소과,3.0,1,17000.0,8800.0,8200,0.4823529411764706,0,5666.666666666667
YMM251010-00000023,SMF87846210,"2025 첫수확 노지감귤 가정용 3kg, 5kg",소과,3.0,1,17000.0,8800.0,8200,0.4823529411764706,0,5666.666666666667
YMM251010-00000024,SMF87846210,"2025 첫수확 노지감귤 가정용 3kg, 5kg",로얄과,3.0,1,17000.0,8800.0,8200,0.4823529411764706,0,5666.666666666667
YMM251010-00000025,SMF87846210,"2025 첫수확 노지감귤 가정용 3kg, 5kg",소과,3.0,1,17000.0,8800.0,8200,0.4823529411764706,0,5666.666666666667
YMM251010-00000026,SMF87846210,"2025 첫수확 노지감귤 가정용 3kg, 5kg",소과,10.0,1,35000.0,23000.0,12000,0.34285714285714286,0,3500.0
YMM251010-00000027,SMF87846210,"2025 첫수확 노지감귤 가정용 3kg, 5kg",소과,5.0,2,24000.0,13300.0,21400,0.44583333333333336,0,9600.0
YMM251010-00000028,SMF29718566,제주 산지직송 황금향 선물세트 가정용,소과,2.0,1,21000.0,15000.0,6000,0.2857142857142857,0,10500.0
YMM251010-00000029,SMF87846210,"2025 첫수확 노지감귤 가정용 3kg, 5kg",소과,10.0,1,35000.0,23000.0,12000,0.34285714285714286,0,3500.0
YMM251010-00000031,SMF87846210,"2025 첫수확 노지감귤 가정용 3kg, 5kg",소과,10.0,1,35000.0,23000.0,12000,0.34285714285714286,0,3500.0
YMM251010-00000032,SMF87846210,"2025 첫수확 노지감귤 가정용 3kg, 5kg",소과,10.0,1,35000.0,23000.0,12000,0.34285714285714286,0,3500.0
YMM251010-00000033,SMF87846210,"2025 첫수확 노지감귤 가정용 3kg, 5kg",소과,10.0,2,35000.0,23000.0,24000,0.34285714285714286,0,7000.0
YMM251010-00000034,SMF87846210,"2025 첫수확 노지감귤 가정용 3kg, 5kg",소과,3.0,1,17000.0,8800.0,8200,0.4823529411764706,0,5666.666666666667
YMM251010-00000036,SMF87846210,"2025 첫수확 노지감귤 가정용 3kg, 5kg",소과,5.0,1,24000.0,13300.0,10700,0.44583333333333336,0,4800.0
YMM251010-00000038,SMF87846210,"2025 첫수확 노지감귤 가정용 3kg, 5kg",소과,5.0,1,24000.0,13300.0,10700,0.44583333333333336,0,4800.0
YMM251010-00000039,SMF87846210,"2025 첫수확 노지감귤 가정용 3kg, 5kg",로얄과,3.0,1,17000.0,8800.0,8200,0.4823529411764706,0,5666.666666666667
YMM251010-00000041,SMF87846210,"2025 첫수확 노지감귤 가정용 3kg, 5kg",소과,3.0,1,17000.0,8800.0,8200,0.4823529411764706,0,5666.666666666667
YMM251010-00000043,SMF87846210,"2025 첫수확 노지감귤 가정용 3kg, 5kg",소과,5.0,1,24000.0,13300.0,10700,0.44583333333333336,0,4800.0
YMM251010-00000044,SMF87846210,"2025 첫수확 노지감귤 가정용 3kg, 5kg",소과,3.0,1,17000.0,8800.0,8200,0.4823529411764706,0,5666.666666666667
YMM251010-00000047,SMF87846210,"2025 첫수확 노지감귤 가정용 3kg, 5kg",로얄과,3.0,1,17000.0,8800.0,8200,0.4823529411764706,0,5666.666666666667
YMM251010-00000049,SMF29718566,제주 산지직송 황금향 선물세트 가정용,소과,3.0,1,32000.0,15800.0,16200,0.50625,0,10666.666666666666
YMM251010-00000050,SMF87846210,"2025 첫수확 노지감귤 가정용 3kg, 5kg",소과,3.0,1,17000.0,8800.0,8200,0.4823529411764706,0,5666.666666666667
YMM251010-00000051,SMF29718566,제주 산지직송 황금향 선물세트 가정용,소과,3.0,1,32000.0,15800.0,16200,0.50625,0,10666.666666666666
YMM251010-00000052,SMF87846210,"2025 첫수확 노지감귤 가정용 3kg, 5kg",소과,10.0,1,35000.0,23000.0,12000,0.34285714285714286,0,3500.0
YMM251010-00000053,SMF87846210,"2025 첫수확 노지감귤 가정용 3kg, 5kg",로얄과,5.0,1,24000.0,13300.0,10700,0.44583333333333336,0,4800.0
YMM251010-00000054,SMF87846210,"2025 첫수확 노지감귤 가정용 3kg, 5kg",로얄과,10.0,1,35000.0,23000.0,12000,0.34285714285714286,0,3500.0
YMM251010-00000055,SMF87846210,"2025 첫수확 노지감귤 가정용 3kg, 5kg",로얄과,3.0,1,17000.0,8800.0,8200,0.4823529411764706,0,5666.666666666667
YMM251011-00000001,SMF87846210,"2025 첫수확 노지감귤 가정용 3kg, 5kg",소과,3.0,1,17000.0,8800.0,8200,0.4823529411764706,0,5666.666666666667
YMM251011-00000002,SMF29718566,제주 산지직송 황금향 선물세트 가정용,소과,3.0,1,32000.0,15800.0,16200,0.50625,0,10666.666666666666
YMM251011-00000003,SMF29718566,제주 산지직송 황금향 선물세트 가정용,소과,2.0,1,21000.0,15000.0,6000,0.2857142857142857,0,10500.0
YMM251011-00000004,SMF87846210,"2025 첫수확 노지감귤 가정용 3kg, 5kg",로얄과,3.0,1,17000.0,8800.0,8200,0.4823529411764706,0,5666.666666666667
YMM251011-00000005,SMF87846210,"2025 첫수확 노지감귤 가정용 3kg, 5kg",로얄과,3.0,1,17000.0,8800.0,8200,0.4823529411764706,0,5666.666666666667
YMM251011-00000006,SMF87846210,"2025 첫수확 노지감귤 가정용 3kg, 5kg",로얄과,3.0,1,17000.0,8800.0,8200,0.4823529411764706,0,5666.666666666667
YMM251011-00000007,SMF87846210,"2025 첫수확 노지감귤 가정용 3kg, 5kg",로얄과,3.0,1,17000.0,8800.0,8200,0.4823529411764706,0,5666.666666666667
YMM251011-00000008,SMF87846210,"2025 첫수확 노지감귤 가정용 3kg, 5kg",소과,10.0,1,35000.0,23000.0,12000,0.34285714285714286,0,3500.0
YMM251011-00000010,SMF87846210,"2025 첫수확 노지감귤 가정용 3kg, 5kg",로얄과,5.0,1,24000.0,13300.0,10700,0.44583333333333336,0,4800.0
YMM251011-00000011,SMF87846210,"2025 첫수확 노지감귤 가정용 3kg, 5kg",로얄과,3.0,1,17000.0,8800.0,8200,0.4823529411764706,0,5666.666666666667
YMM251011-00000012,SMF29718566,제주 산지직송 황금향 선물세트 가정용,중대과,2.5,1,39000.0,25000.0,14000,0.358974358974359,0,15600.0
YMM251011-00000013,SMF29718566,제주 산지직송 황금향 선물세트 가정용,소과,3.0,1,32000.0,15800.0,16200,0.50625,0,10666.666666666666
YMM251011-00000015,SMF87846210,"2025 첫수확 노지감귤 가정용 3kg, 5kg",소과,5.0,1,24000.0,13300.0,10700,0.44583333333333336,0,4800.0
YMM251011-00000017,SMF87846210,"2025 첫수확 노지감귤 가정용 3kg, 5kg",소과,5.0,1,24000.0,13300.0,10700,0.44583333333333336,0,4800.0
YMM251011-00000018,SMF87846210,"2025 첫수확 노지감귤 가정용 3kg, 5kg",로얄과,5.0,1,24000.0,13300.0,10700,0.44583333333333336,0,4800.0
YMM251011-00000021,SMF87846210,"2025 첫수확 노지감귤 가정용 3kg, 5kg",소과,3.0,1,17000.0,8800.0,8200,0.4823529411764706,0,5666.666666666667
YMM251011-00000022,SMF87846210,"2025 첫수확 노지감귤 가정용 3kg, 5kg",소과,10.0,1,35000.0,23000.0,12000,0.34285714285714286,0,3500.0
YMM251011-00000023,SMF87846210,"2025 첫수확 노지감귤 가정용 3kg, 5kg",로얄과,3.0,1,17000.0,8800.0,8200,0.4823529411764706,0,5666.666666666667
YMM251011-00000024,SMF29718566,제주 산지직송 황금향 선물세트 가정용,소과,2.0,1,21000.0,15000.0,6000,0.2857142857142857,0,10500.0
YMM251011-00000025,SMF29718566,제주 산지직송 황금향 선물세트 가정용,소과,3.0,1,32000.0,15800.0,16200,0.50625,0,10666.666666666666
YMM251011-00000026,SMF87846210,"2025 첫수확 노지감귤 가정용 3kg, 5kg",소과,10.0,1,35000.0,23000.0,12000,0.34285714285714286,0,3500.0
YMM251011-00000029,SMF29718566,제주 산지직송 황금향 선물세트 가정용,소과,3.0,1,32000.0,15800.0,16200,0.50625,0,10666.666666666666
YMM251011-00000031,SMF87846210,"2025 첫수확 노지감귤 가정용 3kg, 5kg",로얄과,5.0,1,24000.0,13300.0,10700,0.44583333333333336,0,4800.0
YMM251011-00000032,SMF87846210,"2025 첫수확 노지감귤 가정용 3kg, 5kg",소과,3.0,1,17000.0,8800.0,8200,0.4823529411764706,0,5666.666666666667
YMM251011-00000033,SMF87846210,"2025 첫수확 노지감귤 가정용 3kg, 5kg",소과,3.0,1,17000.0,8800.0,8200,0.4823529411764706,0,5666.666666666667
YMM251011-00000034,SMF29718566,제주 산지직송 황금향 선물세트 가정용,소과,5.0,1,42000.0,25000.0,17000,0.40476190476190477,0,8400.0
YMM251011-00000036,SMF87846210,"2025 첫수확 노지감귤 가정용 3kg, 5kg",로얄과,5.0,1,24000.0,13300.0,10700,0.44583333333333336,0,4800.0
YMM251012-00000001,SMF87846210,"2025 첫수확 노지감귤 가정용 3kg, 5kg",소과,3.0,1,17000.0,8800.0,8200,0.4823529411764706,0,5666.666666666667
YMM251012-00000002,SMF28240458,과즙폭발 꿀당도 보장 감귤 [유라실생],소과,5.0,1,34900.0,34900.0,0,0.0,0,6980.0
YMM251012-00000003,SMF87846210,"2025 첫수확 노지감귤 가정용 3kg, 5kg",소과,3.0,1,17000.0,8800.0,8200,0.4823529411764706,0,5666.666666666667
YMM251012-00000004,SMF28240458,과즙폭발 꿀당도 보장 감귤 [유라실생],소과,5.0,1,34900.0,34900.0,0,0.0,0,6980.0
YMM251012-00000006,SMF28240458,과즙폭발 꿀당도 보장 감귤 [유라실생],소과,5.0,1,34900.0,34900.0,0,0.0,0,6980.0
YMM251012-00000007,SMF28240458,과즙폭발 꿀당도 보장 감귤 [유라실생],소과,2.5,1,24900.0,24900.0,0,0.0,0,9960.0
YMM251012-00000008,SMF28240458,과즙폭발 꿀당도 보장 감귤 [유라실생],소과,2.5,1,24900.0,24900.0,0,0.0,0,9960.0
YMM251012-00000009,SMF28240458,과즙폭발 꿀당도 보장 감귤 [유라실생],소과,2.5,1,24900.0,24900.0,0,0.0,0,9960.0
YMM251012-00000013,SMF28240458,과즙폭발 꿀당도 보장 감귤 [유라실생],소과,5.0,1,34900.0,34900.0,0,0.0,0,6980.0
YMM251012-00000014,SMF28240458,과즙폭발 꿀당도 보장 감귤 [유라실생],소과,5.0,1,34900.0,34900.0,0,0.0,0,6980.0
YMM251012-00000016,SMF28240458,과즙폭발 꿀당도 보장 감귤 [유라실생],소과,2.5,1,24900.0,24900.0,0,0.0,0,9960.0
YMM251012-00000017,SMF87846210,"2025 첫수확 노지감귤 가정용 3kg, 5kg",로얄과,5.0,1,24000.0,13300.0,10700,0.44583333333333336,0,4800.0
YMM251012-00000018,SMF87846210,"2025 첫수확 노지감귤 가정용 3kg, 5kg",로얄과,5.0,2,24000.0,13300.0,21400,0.44583333333333336,0,9600.0
YMM251012-00000019,SMF28240458,과즙폭발 꿀당도 보장 감귤 [유라실생],소과,2.5,1,24900.0,24900.0,0,0.0,0,9960.0
YMM251012-00000020,SMF28240458,과즙폭발 꿀당도 보장 감귤 [유라실생],소과,2.5,1,24900.0,24900.0,0,0.0,0,9960.0
YMM251012-00000021,SMF28240458,과즙폭발 꿀당도 보장 감귤 [유라실생],소과,5.0,1,34900.0,34900.0,0,0.0,0,6980.0
YMM251012-00000022,SMF28240458,과즙폭발 꿀당도 보장 감귤 [유라실생],소과,2.5,1,24900.0,24900.0,0,0.0,0,9960.0
YMM251012-00000023,SMF87846210,"2025 첫수확 노지감귤 가정용 3kg, 5kg",로얄과,5.0,1,24000.0,13300.0,10700,0.44583333333333336,0,4800.0
YMM251012-00000025,SMF28240458,과즙폭발 꿀당도 보장 감귤 [유라실생],소과,2.5,1,24900.0,24900.0,0,0.0,0,9960.0
YMM251012-00000027,SMF28240458,과즙폭발 꿀당도 보장 감귤 [유라실생],소과,2.5,1,24900.0,24900.0,0,0.0,0,9960.0
YMM251012-00000029,SMF28240458,과즙폭발 꿀당도 보장 감귤 [유라실생],소과,5.0,1,34900.0,34900.0,0,0.0,0,6980.0
YMM251012-00000031,SMF87846210,"2025 첫수확 노지감귤 가정용 3kg, 5kg",소과,5.0,2,24000.0,13300.0,21400,0.44583333333333336,0,9600.0
YMM251012-00000032,SMF28240458,과즙폭발 꿀당도 보장 감귤 [유라실생],소과,5.0,1,34900.0,34900.0,0,0.0,0,6980.0
YMM251012-00000033,SMF28240458,과즙폭발 꿀당도 보장 감귤 [유라실생],소과,2.5,1,24900.0,24900.0,0,0.0,0,9960.0
YMM251012-00000034,SMF28240458,과즙폭발 꿀당도 보장 감귤 [유라실생],소과,5.0,1,34900.0,34900.0,0,0.0,0,6980.0
YMM251012-00000035,SMF28240458,과즙폭발 꿀당도 보장 감귤 [유라실생],소과,5.0,1,34900.0,34900.0,0,0.0,0,6980.0
YMM251012-00000036,SMF29718566,제주 산지직송 황금향 선물세트 가정용,소과,5.0,1,42000.0,25000.0,17000,0.40476190476190477,0,8400.0
YMM251012-00000037,SMF28240458,과즙폭발 꿀당도 보장 감귤 [유라실생],소과,2.5,1,24900.0,24900.0,0,0.0,0,9960.0
YMM251012-00000038,SMF28240458,과즙폭발 꿀당도 보장 감귤 [유라실생],소과,2.5,1,24900.0,24900.0,0,0.0,0,9960.0
YMM251012-00000039,SMF29718566,제주 산지직송 황금향 선물세트 가정용,소과,3.0,2,37000.0,20400.0,33200,0.4486486486486487,0,24666.666666666668
YMM251012-00000040,SMF28240458,과즙폭발 꿀당도 보장 감귤 [유라실생],소과,2.5,1,24900.0,24900.0,0,0.0,0,9960.0
YMM251012-00000041,SMF28240458,과즙폭발 꿀당도 보장 감귤 [유라실생],소과,5.0,1,34900.0,34900.0,0,0.0,0,6980.0
YMM251012-00000044,SMF28240458,과즙폭발 꿀당도 보장 감귤 [유라실생],소과,2.5,1,24900.0,24900.0,0,0.0,0,9960.0
YMM251012-00000046,SMF28240458,과즙폭발 꿀당도 보장 감귤 [유라실생],소과,5.0,1,34900.0,34900.0,0,0.0,0,6980.0
YMM251012-00000047,SMF87846210,"2025 첫수확 노지감귤 가정용 3kg, 5kg",소과,10.0,1,35000.0,23000.0,12000,0.34285714285714286,0,3500.0
YMM251012-00000048,SMF28240458,과즙폭발 꿀당도 보장 감귤 [유라실생],소과,5.0,1,34900.0,34900.0,0,0.0,0,6980.0
YMM251012-00000049,SMF28240458,과즙폭발 꿀당도 보장 감귤 [유라실생],소과,2.5,1,24900.0,24900.0,0,0.0,0,9960.0
YMM251012-00000050,SMF28240458,과즙폭발 꿀당도 보장 감귤 [유라실생],소과,5.0,1,34900.0,34900.0,0,0.0,0,6980.0
YMM251012-00000051,SMF28240458,과즙폭발 꿀당도 보장 감귤 [유라실생],소과,5.0,1,34900.0,34900.0,0,0.0,0,6980.0
YMM251012-00000052,SMF28240458,과즙폭발 꿀당도 보장 감귤 [유라실생],소과,5.0,1,34900.0,34900.0,0,0.0,0,6980.0
YMM251012-00000053,SMF28240458,과즙폭발 꿀당도 보장 감귤 [유라실생],소과,2.5,1,24900.0,24900.0,0,0.0,0,9960.0
YMM251012-00000054,SMF87846210,"2025 첫수확 노지감귤 가정용 3kg, 5kg",로얄과,3.0,1,17000.0,8800.0,8200,0.4823529411764706,0,5666.666666666667
YMM251012-00000055,SMF29718566,제주 산지직송 황금향 선물세트 가정용,소과,2.0,1,21000.0,15000.0,6000,0.2857142857142857,0,10500.0
YMM251012-00000056,SMF28240458,과즙폭발 꿀당도 보장 감귤 [유라실생],소과,5.0,1,34900.0,34900.0,0,0.0,0,6980.0
YMM251012-00000057,SMF28240458,과즙폭발 꿀당도 보장 감귤 [유라실생],소과,5.0,1,34900.0,34900.0,0,0.0,0,6980.0
YMM251012-00000058,SMF28240458,과즙폭발 꿀당도 보장 감귤 [유라실생],소과,5.0,1,34900.0,34900.0,0,0.0,0,6980.0
YMM251012-00000059,SMF28240458,과즙폭발 꿀당도 보장 감귤 [유라실생],소과,5.0,1,34900.0,34900.0,0,0.0,0,6980.0
YMM251012-00000060,SMF28240458,과즙폭발 꿀당도 보장 감귤 [유라실생],소과,2.5,1,24900.0,24900.0,0,0.0,0,9960.0
YMM251012-00000061,SMF28240458,과즙폭발 꿀당도 보장 감귤 [유라실생],소과,5.0,1,34900.0,34900.0,0,0.0,0,6980.0
YMM251012-00000062,SMF28240458,과즙폭발 꿀당도 보장 감귤 [유라실생],소과,2.5,6,24900.0,24900.0,0,0.0,0,59760.0
YMM251012-00000063,SMF28240458,과즙폭발 꿀당도 보장 감귤 [유라실생],소과,2.5,1,24900.0,24900.0,0,0.0,0,9960.0
YMM251012-00000064,SMF28240458,과즙폭발 꿀당도 보장 감귤 [유라실생],소과,5.0,1,34900.0,34900.0,0,0.0,0,6980.0
YMM251012-00000065,SMF28240458,과즙폭발 꿀당도 보장 감귤 [유라실생],소과,2.5,1,24900.0,24900.0,0,0.0,0,9960.0
YMM251012-00000067,SMF28240458,과즙폭발 꿀당도 보장 감귤 [유라실생],소과,5.0,1,34900.0,34900.0,0,0.0,0,6980.0
YMM251012-00000068,SMF87846210,"2025 첫수확 노지감귤 가정용 3kg, 5kg",소과,5.0,1,24000.0,13300.0,10700,0.44583333333333336,0,4800.0
YMM251012-00000069,SMF28240458,과즙폭발 꿀당도 보장 감귤 [유라실생],소과,5.0,1,34900.0,34900.0,0,0.0,0,6980.0
YMM251012-00000070,SMF24654511,"제주 산지직송 황금향 선물세트 가정용 2kg, 3kg, 5kg",소과,5.0,1,42000.0,25000.0,17000,0.40476190476190477,0,8400.0
YMM251012-00000071,SMF28240458,과즙폭발 꿀당도 보장 감귤 [유라실생],소과,5.0,1,34900.0,34900.0,0,0.0,0,6980.0
YMM251012-00000072,SMF28240458,과즙폭발 꿀당도 보장 감귤 [유라실생],소과,5.0,1,34900.0,34900.0,0,0.0,0,6980.0
YMM251012-00000073,SMF87846210,"2025 첫수확 노지감귤 가정용 3kg, 5kg",소과,5.0,1,24000.0,13300.0,10700,0.44583333333333336,0,4800.0
YMM251012-00000074,SMF28240458,과즙폭발 꿀당도 보장 감귤 [유라실생],소과,5.0,1,34900.0,34900.0,0,0.0,0,6980.0
YMM251012-00000075,SMF28240458,과즙폭발 꿀당도 보장 감귤 [유라실생],소과,2.5,1,24900.0,24900.0,0,0.0,0,9960.0
YMM251012-00000076,SMF28240458,과즙폭발 꿀당도 보장 감귤 [유라실생],소과,5.0,1,34900.0,34900.0,0,0.0,0,6980.0
YMM251012-00000078,SMF87846210,"2025 첫수확 노지감귤 가정용 3kg, 5kg",소과,10.0,1,35000.0,23000.0,12000,0.34285714285714286,0,3500.0
YMM251012-00000079,SMF28240458,과즙폭발 꿀당도 보장 감귤 [유라실생],소과,2.5,1,24900.0,24900.0,0,0.0,0,9960.0
YMM251012-00000081,SMF28240458,과즙폭발 꿀당도 보장 감귤 [유라실생],소과,2.5,1,24900.0,24900.0,0,0.0,0,9960.0
YMM251012-00000082,SMF28240458,과즙폭발 꿀당도 보장 감귤 [유라실생],소과,2.5,1,24900.0,24900.0,0,0.0,0,9960.0
YMM251012-00000083,SMF28240458,과즙폭발 꿀당도 보장 감귤 [유라실생],소과,2.5,1,24900.0,24900.0,0,0.0,0,9960.0
YMM251012-00000084,SMF28240458,과즙폭발 꿀당도 보장 감귤 [유라실생],소과,5.0,1,34900.0,34900.0,0,0.0,0,6980.0
YMM251012-00000085,SMF24654511,"제주 산지직송 황금향 선물세트 가정용 2kg, 3kg, 5kg",소과,5.0,1,42000.0,25000.0,17000,0.40476190476190477,0,8400.0
YMM251012-00000088,SMF28240458,과즙폭발 꿀당도 보장 감귤 [유라실생],소과,5.0,1,34900.0,34900.0,0,0.0,0,6980.0
YMM251012-00000089,SMF28240458,과즙폭발 꿀당도 보장 감귤 [유라실생],소과,2.5,1,24900.0,24900.0,0,0.0,0,9960.0
YMM251012-00000090,SMF28240458,과즙폭발 꿀당도 보장 감귤 [유라실생],소과,5.0,1,34900.0,34900.0,0,0.0,0,6980.0
YMM251012-00000091,SMF28240458,과즙폭발 꿀당도 보장 감귤 [유라실생],소과,5.0,1,34900.0,34900.0,0,0.0,0,6980.0
YMM251012-00000092,SMF28240458,과즙폭발 꿀당도 보장 감귤 [유라실생],소과,5.0,1,34900.0,34900.0,0,0.0,0,6980.0
YMM251012-00000093,SMF28240458,과즙폭발 꿀당도 보장 감귤 [유라실생],소과,2.5,1,24900.0,24900.0,0,0.0,0,9960.0
YMM251012-00000100,SMF28240458,과즙폭발 꿀당도 보장 감귤 [유라실생],소과,5.0,1,34900.0,34900.0,0,0.0,0,6980.0
YMM251012-00000101,SMF28240458,과즙폭발 꿀당도 보장 감귤 [유라실생],소과,2.5,1,24900.0,24900.0,0,0.0,0,9960.0
YMM251012-00000102,SMF87846210,"2025 첫수확 노지감귤 가정용 3kg, 5kg",소과,3.0,1,17000.0,8800.0,8200,0.4823529411764706,0,5666.666666666667
YMM251012-00000103,SMF28240458,과즙폭발 꿀당도 보장 감귤 [유라실생],소과,5.0,1,34900.0,34900.0,0,0.0,0,6980.0
YMM251012-00000104,SMF28240458,과즙폭발 꿀당도 보장 감귤 [유라실생],소과,5.0,2,34900.0,34900.0,0,0.0,0,13960.0
YMM251012-00000105,SMF28240458,과즙폭발 꿀당도 보장 감귤 [유라실생],소과,5.0,1,34900.0,34900.0,0,0.0,0,6980.0
YMM251012-00000106,SMF28240458,과즙폭발 꿀당도 보장 감귤 [유라실생],소과,5.0,1,34900.0,34900.0,0,0.0,0,6980.0
YMM251012-00000107,SMF28240458,과즙폭발 꿀당도 보장 감귤 [유라실생],소과,2.5,1,24900.0,24900.0,0,0.0,0,9960.0
YMM251012-00000108,SMF87846210,"2025 첫수확 노지감귤 가정용 3kg, 5kg",소과,5.0,1,24000.0,13300.0,10700,0.44583333333333336,0,4800.0
YMM251012-00000109,SMF28240458,과즙폭발 꿀당도 보장 감귤 [유라실생],소과,2.5,1,24900.0,24900.0,0,0.0,0,9960.0
YMM251012-00000110,SMF28240458,과즙폭발 꿀당도 보장 감귤 [유라실생],소과,5.0,1,34900.0,34900.0,0,0.0,0,6980.0
YMM251012-00000111,SMF87846210,"2025 첫수확 노지감귤 가정용 3kg, 5kg",소과,3.0,1,17000.0,8800.0,8200,0.4823529411764706,0,5666.666666666667
YMM251012-00000112,SMF28240458,과즙폭발 꿀당도 보장 감귤 [유라실생],소과,5.0,1,34900.0,34900.0,0,0.0,0,6980.0
YMM251012-00000113,SMF87846210,"2025 첫수확 노지감귤 가정용 3kg, 5kg",소과,3.0,1,17000.0,8800.0,8200,0.4823529411764706,0,5666.666666666667
YMM251012-00000114,SMF28240458,과즙폭발 꿀당도 보장 감귤 [유라실생],소과,2.5,1,24900.0,24900.0,0,0.0,0,9960.0
YMM251012-00000115,SMF28240458,과즙폭발 꿀당도 보장 감귤 [유라실생],소과,5.0,1,34900.0,34900.0,0,0.0,0,6980.0
YMM251012-00000116,SMF28240458,과즙폭발 꿀당도 보장 감귤 [유라실생],소과,5.0,1,34900.0,34900.0,0,0.0,0,6980.0
YMM251012-00000117,SMF28240458,과즙폭발 꿀당도 보장 감귤 [유라실생],소과,5.0,1,34900.0,34900.0,0,0.0,0,6980.0
YMM251012-00000118,SMF28240458,과즙폭발 꿀당도 보장 감귤 [유라실생],소과,2.5,1,24900.0,24900.0,0,0.0,0,9960.0
YMM251012-00000119,SMF87846210,"2025 첫수확 노지감귤 가정용 3kg, 5kg",소과,5.0,1,24000.0,13300.0,10700,0.44583333333333336,0,4800.0
YMM251012-00000120,SMF28240458,과즙폭발 꿀당도 보장 감귤 [유라실생],소과,5.0,1,34900.0,34900.0,0,0.0,0,6980.0
YMM251012-00000121,SMF28240458,과즙폭발 꿀당도 보장 감귤 [유라실생],소과,2.5,1,24900.0,24900.0,0,0.0,0,9960.0
YMM251012-00000122,SMF28240458,과즙폭발 꿀당도 보장 감귤 [유라실생],소과,5.0,1,34900.0,34900.0,0,0.0,0,6980.0
YMM251012-00000125,SMF87846210,"2025 첫수확 노지감귤 가정용 3kg, 5kg",소과,5.0,1,24000.0,13300.0,10700,0.44583333333333336,0,4800.0
YMM251012-00000126,SMF87846210,"2025 첫수확 노지감귤 가정용 3kg, 5kg",로얄과,3.0,1,17000.0,8800.0,8200,0.4823529411764706,0,5666.666666666667
YMM251012-00000127,SMF28240458,과즙폭발 꿀당도 보장 감귤 [유라실생],소과,2.5,1,24900.0,24900.0,0,0.0,0,9960.0
YMM251012-00000128,SMF28240458,과즙폭발 꿀당도 보장 감귤 [유라실생],소과,5.0,1,34900.0,34900.0,0,0.0,0,6980.0
YMM251012-00000129,SMF28240458,과즙폭발 꿀당도 보장 감귤 [유라실생],소과,2.5,1,24900.0,24900.0,0,0.0,0,9960.0
YMM251012-00000130,SMF87846210,"2025 첫수확 노지감귤 가정용 3kg, 5kg",로얄과,3.0,1,17000.0,8800.0,8200,0.4823529411764706,0,5666.666666666667
YMM251012-00000131,SMF87846210,"2025 첫수확 노지감귤 가정용 3kg, 5kg",소과,5.0,1,24000.0,13300.0,10700,0.44583333333333336,0,4800.0
YMM251012-00000133,SMF28240458,과즙폭발 꿀당도 보장 감귤 [유라실생],소과,5.0,1,34900.0,34900.0,0,0.0,0,6980.0
YMM251012-00000134,SMF28240458,과즙폭발 꿀당도 보장 감귤 [유라실생],소과,2.5,1,24900.0,24900.0,0,0.0,0,9960.0
YMM251012-00000135,SMF28240458,과즙폭발 꿀당도 보장 감귤 [유라실생],소과,5.0,1,34900.0,34900.0,0,0.0,0,6980.0
YMM251012-00000138,SMF28240458,과즙폭발 꿀당도 보장 감귤 [유라실생],소과,5.0,1,34900.0,34900.0,0,0.0,0,6980.0
YMM251012-00000139,SMF87846210,"2025 첫수확 노지감귤 가정용 3kg, 5kg",소과,3.0,1,17000.0,8800.0,8200,0.4823529411764706,0,5666.666666666667
YMM251012-00000140,SMF87846210,"2025 첫수확 노지감귤 가정용 3kg, 5kg",로얄과,10.0,1,35000.0,23000.0,12000,0.34285714285714286,0,3500.0
YMM251012-00000147,SMF28240458,과즙폭발 꿀당도 보장 감귤 [유라실생],소과,5.0,1,34900.0,34900.0,0,0.0,0,6980.0
YMM251012-00000148,SMF28240458,과즙폭발 꿀당도 보장 감귤 [유라실생],소과,2.5,1,24900.0,24900.0,0,0.0,0,9960.0
YMM251012-00000149,SMF28240458,과즙폭발 꿀당도 보장 감귤 [유라실생],소과,2.5,1,24900.0,24900.0,0,0.0,0,9960.0
YMM251012-00000150,SMF28240458,과즙폭발 꿀당도 보장 감귤 [유라실생],소과,5.0,1,34900.0,34900.0,0,0.0,0,6980.0
YMM251012-00000151,SMF29718566,제주 산지직송 황금향 선물세트 가정용,소과,2.0,1,21000.0,15000.0,6000,0.2857142857142857,0,10500.0
YMM251012-00000152,SMF28240458,과즙폭발 꿀당도 보장 감귤 [유라실생],소과,5.0,1,34900.0,34900.0,0,0.0,0,6980.0
YMM251012-00000155,SMF28240458,과즙폭발 꿀당도 보장 감귤 [유라실생],소과,2.5,1,24900.0,24900.0,0,0.0,0,9960.0
YMM251012-00000156,SMF28240458,과즙폭발 꿀당도 보장 감귤 [유라실생],소과,5.0,1,34900.0,34900.0,0,0.0,0,6980.0
YMM251012-00000158,SMF28240458,과즙폭발 꿀당도 보장 감귤 [유라실생],소과,2.5,1,24900.0,24900.0,0,0.0,0,9960.0
YMM251012-00000159,SMF28240458,과즙폭발 꿀당도 보장 감귤 [유라실생],소과,2.5,1,24900.0,24900.0,0,0.0,0,9960.0
YMM251012-00000160,SMF28240458,과즙폭발 꿀당도 보장 감귤 [유라실생],소과,2.5,1,24900.0,24900.0,0,0.0,0,9960.0
YMM251012-00000161,SMF28240458,과즙폭발 꿀당도 보장 감귤 [유라실생],소과,5.0,1,34900.0,34900.0,0,0.0,0,6980.0
YMM251012-00000162,SMF28240458,과즙폭발 꿀당도 보장 감귤 [유라실생],소과,2.5,1,24900.0,24900.0,0,0.0,0,9960.0
YMM251013-00000002,SMF28240458,과즙폭발 꿀당도 보장 감귤 [유라실생],소과,5.0,1,34900.0,34900.0,0,0.0,0,6980.0
YMM251013-00000003,SMF28240458,과즙폭발 꿀당도 보장 감귤 [유라실생],소과,2.5,1,24900.0,24900.0,0,0.0,0,9960.0
YMM251013-00000004,SMF28240458,과즙폭발 꿀당도 보장 감귤 [유라실생],소과,2.5,1,24900.0,24900.0,0,0.0,0,9960.0
YMM251013-00000005,SMF28240458,과즙폭발 꿀당도 보장 감귤 [유라실생],소과,5.0,1,34900.0,34900.0,0,0.0,0,6980.0
YMM251013-00000006,SMF28240458,과즙폭발 꿀당도 보장 감귤 [유라실생],소과,2.5,1,24900.0,24900.0,0,0.0,0,9960.0
YMM251013-00000009,SMF28240458,과즙폭발 꿀당도 보장 감귤 [유라실생],소과,2.5,1,24900.0,24900.0,0,0.0,0,9960.0
YMM251013-00000011,SMF28240458,과즙폭발 꿀당도 보장 감귤 [유라실생],소과,2.5,1,24900.0,24900.0,0,0.0,0,9960.0
YMM251013-00000013,SMF28240458,과즙폭발 꿀당도 보장 감귤 [유라실생],소과,5.0,1,34900.0,34900.0,0,0.0,0,6980.0
YMM251013-00000015,SMF28240458,과즙폭발 꿀당도 보장 감귤 [유라실생],소과,2.5,1,24900.0,24900.0,0,0.0,0,9960.0
YMM251013-00000016,SMF28240458,과즙폭발 꿀당도 보장 감귤 [유라실생],소과,5.0,1,34900.0,34900.0,0,0.0,0,6980.0
YMM251013-00000019,SMF87846210,"2025 첫수확 노지감귤 가정용 3kg, 5kg",로얄과,3.0,1,17000.0,8800.0,8200,0.4823529411764706,0,5666.666666666667
YMM251013-00000020,SMF28240458,과즙폭발 꿀당도 보장 감귤 [유라실생],소과,2.5,1,24900.0,24900.0,0,0.0,0,9960.0
YMM251013-00000021,SMF28240458,과즙폭발 꿀당도 보장 감귤 [유라실생],소과,2.5,1,24900.0,24900.0,0,0.0,0,9960.0
YMM251013-00000023,SMF28240458,과즙폭발 꿀당도 보장 감귤 [유라실생],소과,5.0,1,34900.0,34900.0,0,0.0,0,6980.0
YMM251013-00000024,SMF28240458,과즙폭발 꿀당도 보장 감귤 [유라실생],소과,5.0,1,34900.0,34900.0,0,0.0,0,6980.0
YMM251013-00000025,SMF28240458,과즙폭발 꿀당도 보장 감귤 [유라실생],소과,5.0,1,34900.0,34900.0,0,0.0,0,6980.0
YMM251013-00000027,SMF28240458,과즙폭발 꿀당도 보장 감귤 [유라실생],소과,2.5,1,24900.0,24900.0,0,0.0,0,9960.0
YMM251013-00000029,SMF28240458,과즙폭발 꿀당도 보장 감귤 [유라실생],소과,2.5,1,24900.0,24900.0,0,0.0,0,9960.0
YMM251013-00000030,SMF28240458,과즙폭발 꿀당도 보장 감귤 [유라실생],소과,5.0,1,34900.0,34900.0,0,0.0,0,6980.0
YMM251013-00000031,SMF87846210,"2025 첫수확 노지감귤 가정용 3kg, 5kg",로얄과,3.0,1,17000.0,8800.0,8200,0.4823529411764706,0,5666.666666666667
YMM251013-00000032,SMF87846210,"2025 첫수확 노지감귤 가정용 3kg, 5kg",로얄과,3.0,1,17000.0,8800.0,8200,0.4823529411764706,0,5666.666666666667
YMM251013-00000033,SMF28240458,과즙폭발 꿀당도 보장 감귤 [유라실생],소과,2.5,1,24900.0,24900.0,0,0.0,0,9960.0
YMM251013-00000034,SMF28240458,과즙폭발 꿀당도 보장 감귤 [유라실생],소과,5.0,1,34900.0,34900.0,0,0.0,0,6980.0
YMM251013-00000035,SMF28240458,과즙폭발 꿀당도 보장 감귤 [유라실생],소과,2.5,1,24900.0,24900.0,0,0.0,0,9960.0
YMM251013-00000036,SMF87846210,"2025 첫수확 노지감귤 가정용 3kg, 5kg",로얄과,10.0,1,35000.0,23000.0,12000,0.34285714285714286,0,3500.0
YMM251013-00000037,SMF28240458,과즙폭발 꿀당도 보장 감귤 [유라실생],소과,2.5,1,24900.0,24900.0,0,0.0,0,9960.0
YMM251013-00000038,SMF28240458,과즙폭발 꿀당도 보장 감귤 [유라실생],소과,5.0,1,34900.0,34900.0,0,0.0,0,6980.0
YMM251013-00000039,SMF28240458,과즙폭발 꿀당도 보장 감귤 [유라실생],소과,2.5,1,24900.0,24900.0,0,0.0,0,9960.0
YMM251013-00000040,SMF28240458,과즙폭발 꿀당도 보장 감귤 [유라실생],소과,5.0,2,29900.0,29900.0,0,0.0,0,11960.0
YMM251013-00000041,SMF28240458,과즙폭발 꿀당도 보장 감귤 [유라실생],소과,5.0,1,34900.0,34900.0,0,0.0,0,6980.0
YMM251013-00000042,SMF28240458,과즙폭발 꿀당도 보장 감귤 [유라실생],소과,5.0,1,34900.0,34900.0,0,0.0,0,6980.0
YMM251013-00000044,SMF28240458,과즙폭발 꿀당도 보장 감귤 [유라실생],소과,5.0,1,34900.0,34900.0,0,0.0,0,6980.0
YMM251013-00000051,SMF28240458,과즙폭발 꿀당도 보장 감귤 [유라실생],소과,2.5,1,24900.0,24900.0,0,0.0,0,9960.0
YMM251013-00000054,SMF28240458,과즙폭발 꿀당도 보장 감귤 [유라실생],소과,5.0,1,34900.0,34900.0,0,0.0,0,6980.0
YMM251013-00000055,SMF28240458,과즙폭발 꿀당도 보장 감귤 [유라실생],소과,5.0,7,34900.0,34900.0,0,0.0,0,48860.0
YMM251013-00000056,SMF87846210,"2025 첫수확 노지감귤 가정용 3kg, 5kg",소과,5.0,1,24000.0,13300.0,10700,0.44583333333333336,0,4800.0
YMM251013-00000057,SMF28240458,과즙폭발 꿀당도 보장 감귤 [유라실생],소과,5.0,1,34900.0,34900.0,0,0.0,0,6980.0
YMM251013-00000058,SMF87846210,"2025 첫수확 노지감귤 가정용 3kg, 5kg",소과,10.0,1,35000.0,23000.0,12000,0.34285714285714286,0,3500.0
YMM251013-00000059,SMF28240458,과즙폭발 꿀당도 보장 감귤 [유라실생],소과,5.0,1,34900.0,34900.0,0,0.0,0,6980.0
YMM251013-00000060,SMF87846210,"2025 첫수확 노지감귤 가정용 3kg, 5kg",소과,3.0,1,17000.0,8800.0,8200,0.4823529411764706,0,5666.666666666667
YMM251013-00000061,SMF28240458,과즙폭발 꿀당도 보장 감귤 [유라실생],소과,2.5,1,24900.0,24900.0,0,0.0,0,9960.0
YMM251013-00000062,SMF28240458,과즙폭발 꿀당도 보장 감귤 [유라실생],소과,2.5,1,24900.0,24900.0,0,0.0,0,9960.0
YMM251013-00000063,SMF28240458,과즙폭발 꿀당도 보장 감귤 [유라실생],소과,2.5,1,24900.0,24900.0,0,0.0,0,9960.0
YMM251013-00000064,SMF28240458,과즙폭발 꿀당도 보장 감귤 [유라실생],소과,2.5,1,24900.0,24900.0,0,0.0,0,9960.0
YMM251013-00000065,SMF28240458,과즙폭발 꿀당도 보장 감귤 [유라실생],소과,5.0,2,34900.0,34900.0,0,0.0,0,13960.0
YMM251013-00000066,SMF28240458,과즙폭발 꿀당도 보장 감귤 [유라실생],소과,2.5,1,24900.0,24900.0,0,0.0,0,9960.0
YMM251013-00000067,SMF28240458,과즙폭발 꿀당도 보장 감귤 [유라실생],소과,5.0,1,34900.0,34900.0,0,0.0,0,6980.0
YMM251013-00000068,SMF28240458,과즙폭발 꿀당도 보장 감귤 [유라실생],소과,5.0,1,34900.0,34900.0,0,0.0,0,6980.0
YMM251013-00000069,SMF28240458,과즙폭발 꿀당도 보장 감귤 [유라실생],소과,2.5,1,24900.0,24900.0,0,0.0,0,9960.0
YMM251013-00000070,SMF87846210,"2025 첫수확 노지감귤 가정용 3kg, 5kg",로얄과,10.0,1,35000.0,23000.0,12000,0.34285714285714286,0,3500.0
YMM251013-00000071,SMF28240458,과즙폭발 꿀당도 보장 감귤 [유라실생],소과,5.0,1,34900.0,34900.0,0,0.0,0,6980.0
YMM251013-00000072,SMF28240458,과즙폭발 꿀당도 보장 감귤 [유라실생],소과,2.5,1,24900.0,24900.0,0,0.0,0,9960.0
YMM251013-00000073,SMF28240458,과즙폭발 꿀당도 보장 감귤 [유라실생],소과,5.0,1,34900.0,34900.0,0,0.0,0,6980.0
YMM251013-00000077,SMF28240458,과즙폭발 꿀당도 보장 감귤 [유라실생],소과,2.5,1,24900.0,24900.0,0,0.0,0,9960.0
YMM251013-00000078,SMF28240458,과즙폭발 꿀당도 보장 감귤 [유라실생],소과,5.0,1,34900.0,34900.0,0,0.0,0,6980.0
YMM251013-00000079,SMF28240458,과즙폭발 꿀당도 보장 감귤 [유라실생],소과,5.0,1,34900.0,34900.0,0,0.0,0,6980.0
YMM251013-00000080,SMF28240458,과즙폭발 꿀당도 보장 감귤 [유라실생],소과,5.0,1,34900.0,34900.0,0,0.0,0,6980.0
YMM251013-00000081,SMF28240458,과즙폭발 꿀당도 보장 감귤 [유라실생],소과,5.0,1,34900.0,34900.0,0,0.0,0,6980.0
YMM251013-00000082,SMF28240458,과즙폭발 꿀당도 보장 감귤 [유라실생],소과,2.5,1,24900.0,24900.0,0,0.0,0,9960.0
YMM251013-00000084,SMF87846210,"2025 첫수확 노지감귤 가정용 3kg, 5kg",로얄과,3.0,1,17000.0,8800.0,8200,0.4823529411764706,0,5666.666666666667
YMM251013-00000086,SMF87846210,"2025 첫수확 노지감귤 가정용 3kg, 5kg",소과,3.0,1,17000.0,8800.0,8200,0.4823529411764706,0,5666.666666666667
YMM251013-00000089,SMF28240458,과즙폭발 꿀당도 보장 감귤 [유라실생],소과,2.5,1,24900.0,24900.0,0,0.0,0,9960.0
YMM251013-00000092,SMF28240458,과즙폭발 꿀당도 보장 감귤 [유라실생],소과,2.5,1,24900.0,24900.0,0,0.0,0,9960.0
YMM251013-00000093,SMF28240458,과즙폭발 꿀당도 보장 감귤 [유라실생],소과,2.5,1,24900.0,24900.0,0,0.0,0,9960.0
YMM251013-00000095,SMF28240458,과즙폭발 꿀당도 보장 감귤 [유라실생],소과,2.5,1,24900.0,24900.0,0,0.0,0,9960.0
YMM251013-00000096,SMF28240458,과즙폭발 꿀당도 보장 감귤 [유라실생],소과,5.0,1,34900.0,34900.0,0,0.0,0,6980.0
YMM251013-00000097,SMF28240458,과즙폭발 꿀당도 보장 감귤 [유라실생],소과,2.5,1,24900.0,24900.0,0,0.0,0,9960.0
YMM251013-00000098,SMF28240458,과즙폭발 꿀당도 보장 감귤 [유라실생],소과,2.5,1,24900.0,24900.0,0,0.0,0,9960.0
YMM251013-00000099,SMF28240458,과즙폭발 꿀당도 보장 감귤 [유라실생],소과,5.0,1,34900.0,34900.0,0,0.0,0,6980.0
YMM251013-00000100,SMF87846210,"2025 첫수확 노지감귤 가정용 3kg, 5kg",로얄과,3.0,1,17000.0,8800.0,8200,0.4823529411764706,0,5666.666666666667
YMM251013-00000101,SMF28240458,과즙폭발 꿀당도 보장 감귤 [유라실생],소과,5.0,1,34900.0,34900.0,0,0.0,0,6980.0
YMM251013-00000102,SMF87846210,"2025 첫수확 노지감귤 가정용 3kg, 5kg",로얄과,10.0,2,35000.0,23000.0,24000,0.34285714285714286,0,7000.0
YMM251013-00000103,SMF29718566,제주 산지직송 황금향 선물세트 가정용,소과,3.0,1,32000.0,15800.0,16200,0.50625,0,10666.666666666666
YMM251013-00000104,SMF87846210,"2025 첫수확 노지감귤 가정용 3kg, 5kg",소과,10.0,1,35000.0,23000.0,12000,0.34285714285714286,0,3500.0
YMM251013-00000106,SMF28240458,과즙폭발 꿀당도 보장 감귤 [유라실생],소과,2.5,1,24900.0,24900.0,0,0.0,0,9960.0
YMM251013-00000107,SMF28240458,과즙폭발 꿀당도 보장 감귤 [유라실생],소과,2.5,1,24900.0,24900.0,0,0.0,0,9960.0
YMM251013-00000108,SMF28240458,과즙폭발 꿀당도 보장 감귤 [유라실생],소과,5.0,1,34900.0,34900.0,0,0.0,0,6980.0
YMM251013-00000109,SMF28240458,과즙폭발 꿀당도 보장 감귤 [유라실생],소과,2.5,1,24900.0,24900.0,0,0.0,0,9960.0
YMM251013-00000110,SMF28240458,과즙폭발 꿀당도 보장 감귤 [유라실생],소과,2.5,1,24900.0,24900.0,0,0.0,0,9960.0
YMM251013-00000111,SMF87846210,"2025 첫수확 노지감귤 가정용 3kg, 5kg",소과,3.0,1,17000.0,8800.0,8200,0.4823529411764706,0,5666.666666666667
YMM251013-00000112,SMF28240458,과즙폭발 꿀당도 보장 감귤 [유라실생],소과,2.5,1,24900.0,24900.0,0,0.0,0,9960.0
YMM251013-00000113,SMF87846210,"2025 첫수확 노지감귤 가정용 3kg, 5kg",소과,5.0,1,24000.0,13300.0,10700,0.44583333333333336,0,4800.0
YMM251013-00000114,SMF87846210,"2025 첫수확 노지감귤 가정용 3kg, 5kg",로얄과,3.0,1,17000.0,8800.0,8200,0.4823529411764706,0,5666.666666666667
YMM251013-00000115,SMF87846210,"2025 첫수확 노지감귤 가정용 3kg, 5kg",소과,3.0,1,17000.0,8800.0,8200,0.4823529411764706,0,5666.666666666667
YMM251013-00000117,SMF28240458,과즙폭발 꿀당도 보장 감귤 [유라실생],소과,5.0,1,34900.0,34900.0,0,0.0,0,6980.0
YMM251013-00000118,SMF28240458,과즙폭발 꿀당도 보장 감귤 [유라실생],소과,2.5,1,24900.0,24900.0,0,0.0,0,9960.0
YMM251013-00000119,SMF28240458,과즙폭발 꿀당도 보장 감귤 [유라실생],소과,5.0,1,34900.0,34900.0,0,0.0,0,6980.0
YMM251013-00000120,SMF87846210,"2025 첫수확 노지감귤 가정용 3kg, 5kg",로얄과,3.0,1,17000.0,8800.0,8200,0.4823529411764706,0,5666.666666666667
YMM251013-00000122,SMF87846210,"2025 첫수확 노지감귤 가정용 3kg, 5kg",소과,3.0,1,17000.0,8800.0,8200,0.4823529411764706,0,5666.666666666667
YMM251013-00000124,SMF28240458,과즙폭발 꿀당도 보장 감귤 [유라실생],소과,5.0,1,34900.0,34900.0,0,0.0,0,6980.0
YMM251013-00000125,SMF28240458,과즙폭발 꿀당도 보장 감귤 [유라실생],소과,5.0,1,34900.0,34900.0,0,0.0,0,6980.0
YMM251013-00000126,SMF28240458,과즙폭발 꿀당도 보장 감귤 [유라실생],소과,2.5,1,24900.0,24900.0,0,0.0,0,9960.0
YMM251013-00000127,SMF28240458,과즙폭발 꿀당도 보장 감귤 [유라실생],소과,5.0,1,34900.0,34900.0,0,0.0,0,6980.0
YMM251013-00000129,SMF28240458,과즙폭발 꿀당도 보장 감귤 [유라실생],소과,5.0,1,34900.0,34900.0,0,0.0,0,6980.0
YMM251013-00000130,SMF28240458,과즙폭발 꿀당도 보장 감귤 [유라실생],소과,2.5,1,24900.0,24900.0,0,0.0,0,9960.0
YMM251013-00000131,SMF28240458,과즙폭발 꿀당도 보장 감귤 [유라실생],소과,5.0,1,34900.0,34900.0,0,0.0,0,6980.0
YMM251013-00000133,SMF87846210,"2025 첫수확 노지감귤 가정용 3kg, 5kg",로얄과,3.0,2,17000.0,8800.0,16400,0.4823529411764706,0,11333.333333333334
YMM251013-00000134,SMF29718566,제주 산지직송 황금향 선물세트 가정용,소과,3.0,1,32000.0,15800.0,16200,0.50625,0,10666.666666666666
YMM251013-00000136,SMF87846210,"2025 첫수확 노지감귤 가정용 3kg, 5kg",소과,3.0,1,17000.0,8800.0,8200,0.4823529411764706,0,5666.666666666667
YMM251013-00000137,SMF28240458,과즙폭발 꿀당도 보장 감귤 [유라실생],소과,5.0,1,34900.0,34900.0,0,0.0,0,6980.0
YMM251013-00000138,SMF87846210,"2025 첫수확 노지감귤 가정용 3kg, 5kg",로얄과,3.0,1,17000.0,8800.0,8200,0.4823529411764706,0,5666.666666666667
YMM251013-00000140,SMF28240458,과즙폭발 꿀당도 보장 감귤 [유라실생],소과,5.0,1,34900.0,34900.0,0,0.0,0,6980.0
YMM251013-00000142,SMF87846210,"2025 첫수확 노지감귤 가정용 3kg, 5kg",소과,3.0,1,17000.0,8800.0,8200,0.4823529411764706,0,5666.666666666667
YMM251013-00000143,SMF28240458,과즙폭발 꿀당도 보장 감귤 [유라실생],소과,5.0,1,34900.0,34900.0,0,0.0,0,6980.0
YMM251013-00000144,SMF28240458,과즙폭발 꿀당도 보장 감귤 [유라실생],소과,2.5,1,24900.0,24900.0,0,0.0,0,9960.0
YMM251013-00000145,SMF28240458,과즙폭발 꿀당도 보장 감귤 [유라실생],소과,2.5,1,24900.0,24900.0,0,0.0,0,9960.0
YMM251013-00000146,SMF28240458,과즙폭발 꿀당도 보장 감귤 [유라실생],소과,2.5,3,24900.0,24900.0,0,0.0,0,29880.0
YMM251013-00000149,SMF87846210,"2025 첫수확 노지감귤 가정용 3kg, 5kg",소과,3.0,1,17000.0,8800.0,8200,0.4823529411764706,0,5666.666666666667
YMM251013-00000152,SMF87846210,"2025 첫수확 노지감귤 가정용 3kg, 5kg",로얄과,10.0,1,35000.0,23000.0,12000,0.34285714285714286,0,3500.0
YMM251013-00000153,SMF28240458,과즙폭발 꿀당도 보장 감귤 [유라실생],소과,5.0,1,34900.0,34900.0,0,0.0,0,6980.0
YMM251013-00000154,SMF28240458,과즙폭발 꿀당도 보장 감귤 [유라실생],소과,2.5,1,24900.0,24900.0,0,0.0,0,9960.0
YMM251013-00000155,SMF28240458,과즙폭발 꿀당도 보장 감귤 [유라실생],소과,5.0,1,34900.0,34900.0,0,0.0,0,6980.0
YMM251013-00000156,SMF28240458,과즙폭발 꿀당도 보장 감귤 [유라실생],소과,5.0,1,34900.0,34900.0,0,0.0,0,6980.0
YMM251013-00000157,SMF28240458,과즙폭발 꿀당도 보장 감귤 [유라실생],소과,2.5,1,24900.0,24900.0,0,0.0,0,9960.0
YMM251013-00000159,SMF28240458,과즙폭발 꿀당도 보장 감귤 [유라실생],소과,2.5,1,24900.0,24900.0,0,0.0,0,9960.0
YMM251013-00000160,SMF28240458,과즙폭발 꿀당도 보장 감귤 [유라실생],소과,2.5,1,24900.0,24900.0,0,0.0,0,9960.0
YMM251013-00000161,SMF87846210,"2025 첫수확 노지감귤 가정용 3kg, 5kg",로얄과,5.0,1,24000.0,13300.0,10700,0.44583333333333336,0,4800.0
YMM251013-00000162,SMF28240458,과즙폭발 꿀당도 보장 감귤 [유라실생],소과,2.5,1,24900.0,24900.0,0,0.0,0,9960.0
YMM251013-00000163,SMF28240458,과즙폭발 꿀당도 보장 감귤 [유라실생],소과,5.0,1,34900.0,34900.0,0,0.0,0,6980.0
YMM251013-00000164,SMF28240458,과즙폭발 꿀당도 보장 감귤 [유라실생],소과,2.5,1,24900.0,24900.0,0,0.0,0,9960.0
YMM251013-00000166,SMF28240458,과즙폭발 꿀당도 보장 감귤 [유라실생],소과,5.0,1,34900.0,34900.0,0,0.0,0,6980.0
YMM251013-00000167,SMF28240458,과즙폭발 꿀당도 보장 감귤 [유라실생],소과,5.0,1,34900.0,34900.0,0,0.0,0,6980.0
YMM251013-00000168,SMF28240458,과즙폭발 꿀당도 보장 감귤 [유라실생],소과,2.5,1,24900.0,24900.0,0,0.0,0,9960.0
YMM251013-00000169,SMF28240458,과즙폭발 꿀당도 보장 감귤 [유라실생],소과,5.0,1,34900.0,34900.0,0,0.0,0,6980.0
YMM251013-00000170,SMF28240458,과즙폭발 꿀당도 보장 감귤 [유라실생],소과,2.5,1,24900.0,24900.0,0,0.0,0,9960.0
YMM251013-00000171,SMF28240458,과즙폭발 꿀당도 보장 감귤 [유라실생],소과,2.5,1,24900.0,24900.0,0,0.0,0,9960.0
YMM251013-00000172,SMF87846210,"2025 첫수확 노지감귤 가정용 3kg, 5kg",로얄과,3.0,1,17000.0,8800.0,8200,0.4823529411764706,0,5666.666666666667
YMM251013-00000173,SMF28240458,과즙폭발 꿀당도 보장 감귤 [유라실생],소과,2.5,1,24900.0,24900.0,0,0.0,0,9960.0
YMM251013-00000174,SMF87846210,"2025 첫수확 노지감귤 가정용 3kg, 5kg",로얄과,3.0,1,17000.0,8800.0,8200,0.4823529411764706,0,5666.666666666667
YMM251013-00000175,SMF28240458,과즙폭발 꿀당도 보장 감귤 [유라실생],소과,2.5,1,24900.0,24900.0,0,0.0,0,9960.0
YMM251013-00000176,SMF28240458,과즙폭발 꿀당도 보장 감귤 [유라실생],소과,5.0,1,34900.0,34900.0,0,0.0,0,6980.0
YMM251013-00000177,SMF28240458,과즙폭발 꿀당도 보장 감귤 [유라실생],소과,5.0,1,34900.0,34900.0,0,0.0,0,6980.0
YMM251013-00000181,SMF28240458,과즙폭발 꿀당도 보장 감귤 [유라실생],소과,5.0,1,34900.0,34900.0,0,0.0,0,6980.0
YMM251013-00000182,SMF87846210,"2025 첫수확 노지감귤 가정용 3kg, 5kg",소과,3.0,1,17000.0,8800.0,8200,0.4823529411764706,0,5666.666666666667
YMM251013-00000183,SMF28240458,과즙폭발 꿀당도 보장 감귤 [유라실생],소과,5.0,1,34900.0,34900.0,0,0.0,0,6980.0
YMM251013-00000184,SMF28240458,과즙폭발 꿀당도 보장 감귤 [유라실생],소과,2.5,1,24900.0,24900.0,0,0.0,0,9960.0
YMM251013-00000185,SMF28240458,과즙폭발 꿀당도 보장 감귤 [유라실생],소과,5.0,1,34900.0,34900.0,0,0.0,0,6980.0
YMM251013-00000186,SMF28240458,과즙폭발 꿀당도 보장 감귤 [유라실생],소과,5.0,1,34900.0,34900.0,0,0.0,0,6980.0
YMM251013-00000187,SMF28240458,과즙폭발 꿀당도 보장 감귤 [유라실생],소과,5.0,1,34900.0,34900.0,0,0.0,0,6980.0
YMM251013-00000188,SMF28240458,과즙폭발 꿀당도 보장 감귤 [유라실생],소과,2.5,1,24900.0,24900.0,0,0.0,0,9960.0
YMM251013-00000189,SMF87846210,"2025 첫수확 노지감귤 가정용 3kg, 5kg",소과,5.0,1,24000.0,13300.0,10700,0.44583333333333336,0,4800.0
YMM251013-00000190,SMF28240458,과즙폭발 꿀당도 보장 감귤 [유라실생],소과,2.5,1,24900.0,24900.0,0,0.0,0,9960.0
YMM251013-00000191,SMF87846210,"2025 첫수확 노지감귤 가정용 3kg, 5kg",소과,5.0,1,24000.0,13300.0,10700,0.44583333333333336,0,4800.0
YMM251013-00000192,SMF28240458,과즙폭발 꿀당도 보장 감귤 [유라실생],소과,2.5,1,24900.0,24900.0,0,0.0,0,9960.0
YMM251013-00000193,SMF28240458,과즙폭발 꿀당도 보장 감귤 [유라실생],소과,5.0,1,34900.0,34900.0,0,0.0,0,6980.0
YMM251013-00000194,SMF87846210,"2025 첫수확 노지감귤 가정용 3kg, 5kg",소과,3.0,1,17000.0,8800.0,8200,0.4823529411764706,0,5666.666666666667
YMM251013-00000196,SMF28240458,과즙폭발 꿀당도 보장 감귤 [유라실생],소과,2.5,1,24900.0,24900.0,0,0.0,0,9960.0
YMM251013-00000198,SMF28240458,과즙폭발 꿀당도 보장 감귤 [유라실생],소과,2.5,1,24900.0,24900.0,0,0.0,0,9960.0
YMM251013-00000199,SMF28240458,과즙폭발 꿀당도 보장 감귤 [유라실생],소과,2.5,1,24900.0,24900.0,0,0.0,0,9960.0
YMM251013-00000200,SMF28240458,과즙폭발 꿀당도 보장 감귤 [유라실생],소과,2.5,1,24900.0,24900.0,0,0.0,0,9960.0
YMM251013-00000201,SMF28240458,과즙폭발 꿀당도 보장 감귤 [유라실생],소과,2.5,1,24900.0,24900.0,0,0.0,0,9960.0
YMM251013-00000203,SMF28240458,과즙폭발 꿀당도 보장 감귤 [유라실생],소과,5.0,1,34900.0,34900.0,0,0.0,0,6980.0
YMM251013-00000204,SMF28240458,과즙폭발 꿀당도 보장 감귤 [유라실생],소과,5.0,2,34900.0,34900.0,0,0.0,0,13960.0
YMM251013-00000205,SMF28240458,과즙폭발 꿀당도 보장 감귤 [유라실생],소과,5.0,1,34900.0,34900.0,0,0.0,0,6980.0
YMM251013-00000206,SMF28240458,과즙폭발 꿀당도 보장 감귤 [유라실생],소과,5.0,1,34900.0,34900.0,0,0.0,0,6980.0
YMM251013-00000207,SMF28240458,과즙폭발 꿀당도 보장 감귤 [유라실생],소과,2.5,1,24900.0,24900.0,0,0.0,0,9960.0
YMM251013-00000208,SMF87846210,"2025 첫수확 노지감귤 가정용 3kg, 5kg",로얄과,10.0,1,35000.0,23000.0,12000,0.34285714285714286,0,3500.0
YMM251013-00000209,SMF28240458,과즙폭발 꿀당도 보장 감귤 [유라실생],소과,2.5,1,24900.0,24900.0,0,0.0,0,9960.0
YMM251013-00000210,SMF87846210,"2025 첫수확 노지감귤 가정용 3kg, 5kg",소과,5.0,1,24000.0,13300.0,10700,0.44583333333333336,0,4800.0
YMM251013-00000211,SMF28240458,과즙폭발 꿀당도 보장 감귤 [유라실생],소과,2.5,1,24900.0,24900.0,0,0.0,0,9960.0
YMM251013-00000212,SMF87846210,"2025 첫수확 노지감귤 가정용 3kg, 5kg",로얄과,3.0,1,17000.0,8800.0,8200,0.4823529411764706,0,5666.666666666667
YMM251014-00000001,SMF28240458,과즙폭발 꿀당도 보장 감귤 [유라실생],소과,2.5,1,24900.0,24900.0,0,0.0,0,9960.0
YMM251014-00000003,SMF28240458,과즙폭발 꿀당도 보장 감귤 [유라실생],소과,2.5,1,24900.0,24900.0,0,0.0,0,9960.0
YMM251014-00000004,SMF28240458,과즙폭발 꿀당도 보장 감귤 [유라실생],소과,5.0,1,34900.0,34900.0,0,0.0,0,6980.0
YMM251014-00000007,SMF28240458,과즙폭발 꿀당도 보장 감귤 [유라실생],소과,2.5,1,24900.0,24900.0,0,0.0,0,9960.0
YMM251014-00000008,SMF28240458,과즙폭발 꿀당도 보장 감귤 [유라실생],소과,5.0,1,34900.0,34900.0,0,0.0,0,6980.0
YMM251014-00000009,SMF29718566,제주 산지직송 황금향 선물세트 가정용,소과,3.0,1,32000.0,15800.0,16200,0.50625,0,10666.666666666666
YMM251014-00000010,SMF28240458,과즙폭발 꿀당도 보장 감귤 [유라실생],소과,5.0,1,34900.0,34900.0,0,0.0,0,6980.0
YMM251014-00000011,SMF87846210,"2025 첫수확 노지감귤 가정용 3kg, 5kg",소과,5.0,1,24000.0,13300.0,10700,0.44583333333333336,0,4800.0
YMM251014-00000012,SMF28240458,과즙폭발 꿀당도 보장 감귤 [유라실생],소과,5.0,1,34900.0,34900.0,0,0.0,0,6980.0
YMM251014-00000013,SMF28240458,과즙폭발 꿀당도 보장 감귤 [유라실생],소과,2.5,1,24900.0,24900.0,0,0.0,0,9960.0
YMM251014-00000014,SMF87846210,"2025 첫수확 노지감귤 가정용 3kg, 5kg",소과,3.0,1,17000.0,8800.0,8200,0.4823529411764706,0,5666.666666666667
YMM251014-00000015,SMF28240458,과즙폭발 꿀당도 보장 감귤 [유라실생],소과,5.0,1,34900.0,34900.0,0,0.0,0,6980.0
YMM251014-00000017,SMF87846210,"2025 첫수확 노지감귤 가정용 3kg, 5kg",소과,3.0,1,17000.0,8800.0,8200,0.4823529411764706,0,5666.666666666667
YMM251014-00000018,SMF28240458,과즙폭발 꿀당도 보장 감귤 [유라실생],소과,5.0,1,34900.0,34900.0,0,0.0,0,6980.0
YMM251014-00000019,SMF28240458,과즙폭발 꿀당도 보장 감귤 [유라실생],소과,5.0,1,34900.0,34900.0,0,0.0,0,6980.0
YMM251014-00000020,SMF28240458,과즙폭발 꿀당도 보장 감귤 [유라실생],소과,5.0,1,34900.0,34900.0,0,0.0,0,6980.0
YMM251014-00000021,SMF28240458,과즙폭발 꿀당도 보장 감귤 [유라실생],소과,2.5,1,24900.0,24900.0,0,0.0,0,9960.0
YMM251014-00000022,SMF28240458,과즙폭발 꿀당도 보장 감귤 [유라실생],소과,2.5,1,24900.0,24900.0,0,0.0,0,9960.0
YMM251014-00000023,SMF28240458,과즙폭발 꿀당도 보장 감귤 [유라실생],소과,5.0,1,34900.0,34900.0,0,0.0,0,6980.0
YMM251014-00000024,SMF28240458,과즙폭발 꿀당도 보장 감귤 [유라실생],소과,2.5,1,24900.0,24900.0,0,0.0,0,9960.0
YMM251014-00000025,SMF28240458,과즙폭발 꿀당도 보장 감귤 [유라실생],소과,5.0,1,34900.0,34900.0,0,0.0,0,6980.0
YMM251014-00000026,SMF28240458,과즙폭발 꿀당도 보장 감귤 [유라실생],소과,5.0,1,34900.0,34900.0,0,0.0,0,6980.0
YMM251014-00000027,SMF28240458,과즙폭발 꿀당도 보장 감귤 [유라실생],소과,5.0,1,34900.0,34900.0,0,0.0,0,6980.0
YMM251014-00000029,SMF29718566,제주 산지직송 황금향 선물세트 가정용,중대과,4.5,1,54000.0,40000.0,14000,0.25925925925925924,0,12000.0
YMM251014-00000032,SMF28240458,과즙폭발 꿀당도 보장 감귤 [유라실생],소과,2.5,1,24900.0,24900.0,0,0.0,0,9960.0
YMM251014-00000033,SMF28240458,과즙폭발 꿀당도 보장 감귤 [유라실생],소과,2.5,1,24900.0,24900.0,0,0.0,0,9960.0
YMM251014-00000034,SMF28240458,과즙폭발 꿀당도 보장 감귤 [유라실생],소과,5.0,1,34900.0,34900.0,0,0.0,0,6980.0
YMM251014-00000035,SMF28240458,과즙폭발 꿀당도 보장 감귤 [유라실생],소과,5.0,1,34900.0,34900.0,0,0.0,0,6980.0
YMM251014-00000036,SMF28240458,과즙폭발 꿀당도 보장 감귤 [유라실생],소과,5.0,1,34900.0,34900.0,0,0.0,0,6980.0
YMM251014-00000037,SMF28240458,과즙폭발 꿀당도 보장 감귤 [유라실생],소과,2.5,1,24900.0,24900.0,0,0.0,0,9960.0
YMM251014-00000039,SMF28240458,과즙폭발 꿀당도 보장 감귤 [유라실생],소과,2.5,1,24900.0,24900.0,0,0.0,0,9960.0
YMM251014-00000040,SMF28240458,과즙폭발 꿀당도 보장 감귤 [유라실생],소과,2.5,1,24900.0,24900.0,0,0.0,0,9960.0
YMM251014-00000044,SMF28240458,과즙폭발 꿀당도 보장 감귤 [유라실생],소과,2.5,1,24900.0,24900.0,0,0.0,0,9960.0
YMM251014-00000045,SMF28240458,과즙폭발 꿀당도 보장 감귤 [유라실생],소과,2.5,1,24900.0,24900.0,0,0.0,0,9960.0
YMM251014-00000046,SMF28240458,과즙폭발 꿀당도 보장 감귤 [유라실생],소과,5.0,1,34900.0,34900.0,0,0.0,0,6980.0
YMM251014-00000047,SMF28240458,과즙폭발 꿀당도 보장 감귤 [유라실생],소과,5.0,1,34900.0,34900.0,0,0.0,0,6980.0
YMM251014-00000050,SMF28240458,과즙폭발 꿀당도 보장 감귤 [유라실생],소과,5.0,1,34900.0,34900.0,0,0.0,0,6980.0
YMM251014-00000051,SMF28240458,과즙폭발 꿀당도 보장 감귤 [유라실생],소과,5.0,1,34900.0,34900.0,0,0.0,0,6980.0
YMM251014-00000052,SMF28240458,과즙폭발 꿀당도 보장 감귤 [유라실생],소과,5.0,1,34900.0,34900.0,0,0.0,0,6980.0
YMM251014-00000053,SMF87846210,"2025 첫수확 노지감귤 가정용 3kg, 5kg",로얄과,5.0,1,24000.0,13300.0,10700,0.44583333333333336,0,4800.0
YMM251014-00000054,SMF28240458,과즙폭발 꿀당도 보장 감귤 [유라실생],소과,5.0,1,34900.0,34900.0,0,0.0,0,6980.0
YMM251014-00000055,SMF28240458,과즙폭발 꿀당도 보장 감귤 [유라실생],소과,5.0,1,34900.0,34900.0,0,0.0,0,6980.0
YMM251014-00000056,SMF28240458,과즙폭발 꿀당도 보장 감귤 [유라실생],소과,2.5,1,24900.0,24900.0,0,0.0,0,9960.0
YMM251014-00000057,SMF28240458,과즙폭발 꿀당도 보장 감귤 [유라실생],소과,2.5,1,24900.0,24900.0,0,0.0,0,9960.0
YMM251014-00000058,SMF28240458,과즙폭발 꿀당도 보장 감귤 [유라실생],소과,2.5,1,24900.0,24900.0,0,0.0,0,9960.0
YMM251014-00000059,SMF28240458,과즙폭발 꿀당도 보장 감귤 [유라실생],소과,2.5,1,24900.0,24900.0,0,0.0,0,9960.0
YMM251014-00000060,SMF87846210,"2025 첫수확 노지감귤 가정용 3kg, 5kg",소과,5.0,1,24000.0,13300.0,10700,0.44583333333333336,0,4800.0
YMM251014-00000061,SMF28240458,과즙폭발 꿀당도 보장 감귤 [유라실생],소과,5.0,1,34900.0,34900.0,0,0.0,0,6980.0
YMM251014-00000062,SMF28240458,과즙폭발 꿀당도 보장 감귤 [유라실생],소과,5.0,1,34900.0,34900.0,0,0.0,0,6980.0
YMM251014-00000064,SMF87846210,"2025 첫수확 노지감귤 가정용 3kg, 5kg",소과,3.0,1,17000.0,8800.0,8200,0.4823529411764706,0,5666.666666666667
YMM251014-00000065,SMF87846210,"2025 첫수확 노지감귤 가정용 3kg, 5kg",소과,3.0,1,17000.0,8800.0,8200,0.4823529411764706,0,5666.666666666667
YMM251014-00000066,SMF28240458,과즙폭발 꿀당도 보장 감귤 [유라실생],소과,2.5,1,24900.0,24900.0,0,0.0,0,9960.0
YMM251014-00000068,SMF28240458,과즙폭발 꿀당도 보장 감귤 [유라실생],소과,5.0,1,34900.0,34900.0,0,0.0,0,6980.0
YMM251014-00000069,SMF28240458,과즙폭발 꿀당도 보장 감귤 [유라실생],소과,2.5,1,24900.0,24900.0,0,0.0,0,9960.0
YMM251014-00000070,SMF28240458,과즙폭발 꿀당도 보장 감귤 [유라실생],소과,5.0,1,34900.0,34900.0,0,0.0,0,6980.0
YMM251014-00000071,SMF28240458,과즙폭발 꿀당도 보장 감귤 [유라실생],소과,5.0,1,34900.0,34900.0,0,0.0,0,6980.0
YMM251014-00000072,SMF28240458,과즙폭발 꿀당도 보장 감귤 [유라실생],소과,5.0,1,34900.0,34900.0,0,0.0,0,6980.0
YMM251014-00000073,SMF28240458,과즙폭발 꿀당도 보장 감귤 [유라실생],소과,5.0,1,34900.0,34900.0,0,0.0,0,6980.0
YMM251014-00000074,SMF28240458,과즙폭발 꿀당도 보장 감귤 [유라실생],소과,2.5,1,24900.0,24900.0,0,0.0,0,9960.0
YMM251014-00000078,SMF28240458,과즙폭발 꿀당도 보장 감귤 [유라실생],소과,5.0,1,34900.0,34900.0,0,0.0,0,6980.0
YMM251014-00000081,SMF29718566,제주 산지직송 황금향 선물세트 가정용,소과,3.0,1,32000.0,15800.0,16200,0.50625,0,10666.666666666666
YMM251014-00000082,SMF28240458,과즙폭발 꿀당도 보장 감귤 [유라실생],소과,2.5,1,24900.0,24900.0,0,0.0,0,9960.0
YMM251014-00000083,SMF28240458,과즙폭발 꿀당도 보장 감귤 [유라실생],소과,2.5,1,24900.0,24900.0,0,0.0,0,9960.0
YMM251014-00000085,SMF28240458,과즙폭발 꿀당도 보장 감귤 [유라실생],소과,2.5,1,24900.0,24900.0,0,0.0,0,9960.0
YMM251014-00000086,SMF87846210,"2025 첫수확 노지감귤 가정용 3kg, 5kg",소과,3.0,1,17000.0,8800.0,8200,0.4823529411764706,0,5666.666666666667
YMM251014-00000087,SMF28240458,과즙폭발 꿀당도 보장 감귤 [유라실생],소과,5.0,1,34900.0,34900.0,0,0.0,0,6980.0
YMM251014-00000088,SMF29718566,제주 산지직송 황금향 선물세트 가정용,중대과,4.5,1,54000.0,40000.0,14000,0.25925925925925924,0,12000.0
YMM251014-00000089,SMF28240458,과즙폭발 꿀당도 보장 감귤 [유라실생],소과,5.0,1,34900.0,34900.0,0,0.0,0,6980.0
YMM251014-00000090,SMF28240458,과즙폭발 꿀당도 보장 감귤 [유라실생],소과,2.5,1,24900.0,24900.0,0,0.0,0,9960.0
YMM251014-00000091,SMF87846210,"2025 첫수확 노지감귤 가정용 3kg, 5kg",소과,3.0,1,17000.0,8800.0,8200,0.4823529411764706,0,5666.666666666667
YMM251014-00000092,SMF28240458,과즙폭발 꿀당도 보장 감귤 [유라실생],소과,2.5,1,24900.0,24900.0,0,0.0,0,9960.0
YMM251014-00000093,SMF87846210,"2025 첫수확 노지감귤 가정용 3kg, 5kg",소과,3.0,1,17000.0,8800.0,8200,0.4823529411764706,0,5666.666666666667
YMM251014-00000094,SMF28240458,과즙폭발 꿀당도 보장 감귤 [유라실생],소과,2.5,1,24900.0,24900.0,0,0.0,0,9960.0
YMM251014-00000095,SMF28240458,과즙폭발 꿀당도 보장 감귤 [유라실생],소과,2.5,1,24900.0,24900.0,0,0.0,0,9960.0
YMM251014-00000096,SMF87846210,"2025 첫수확 노지감귤 가정용 3kg, 5kg",소과,3.0,1,17000.0,8800.0,8200,0.4823529411764706,0,5666.666666666667
YMM251014-00000097,SMF87846210,"2025 첫수확 노지감귤 가정용 3kg, 5kg",소과,3.0,1,17000.0,8800.0,8200,0.4823529411764706,0,5666.666666666667
YMM251014-00000098,SMF28240458,과즙폭발 꿀당도 보장 감귤 [유라실생],소과,2.5,1,24900.0,24900.0,0,0.0,0,9960.0
YMM251014-00000099,SMF87846210,"2025 첫수확 노지감귤 가정용 3kg, 5kg",소과,3.0,1,17000.0,8800.0,8200,0.4823529411764706,0,5666.666666666667
YMM251014-00000100,SMF28240458,과즙폭발 꿀당도 보장 감귤 [유라실생],소과,5.0,1,34900.0,34900.0,0,0.0,0,6980.0
YMM251014-00000103,SMF28240458,과즙폭발 꿀당도 보장 감귤 [유라실생],소과,2.5,1,24900.0,24900.0,0,0.0,0,9960.0
YMM251014-00000106,SMF28240458,과즙폭발 꿀당도 보장 감귤 [유라실생],소과,2.5,1,24900.0,24900.0,0,0.0,0,9960.0
YMM251014-00000107,SMF28240458,과즙폭발 꿀당도 보장 감귤 [유라실생],소과,2.5,3,24900.0,24900.0,0,0.0,0,29880.0
YMM251014-00000108,SMF87846210,"2025 첫수확 노지감귤 가정용 3kg, 5kg",소과,5.0,1,24000.0,13300.0,10700,0.44583333333333336,0,4800.0
YMM251014-00000109,SMF28240458,과즙폭발 꿀당도 보장 감귤 [유라실생],소과,5.0,1,34900.0,34900.0,0,0.0,0,6980.0
YMM251014-00000110,SMF28240458,과즙폭발 꿀당도 보장 감귤 [유라실생],소과,5.0,1,34900.0,34900.0,0,0.0,0,6980.0
YMM251014-00000111,SMF28240458,과즙폭발 꿀당도 보장 감귤 [유라실생],소과,5.0,1,34900.0,34900.0,0,0.0,0,6980.0
YMM251014-00000112,SMF28240458,과즙폭발 꿀당도 보장 감귤 [유라실생],소과,5.0,1,34900.0,34900.0,0,0.0,0,6980.0
YMM251014-00000113,SMF87846210,"2025 첫수확 노지감귤 가정용 3kg, 5kg",소과,10.0,1,35000.0,23000.0,12000,0.34285714285714286,0,3500.0
YMM251014-00000114,SMF28240458,과즙폭발 꿀당도 보장 감귤 [유라실생],소과,5.0,1,34900.0,34900.0,0,0.0,0,6980.0
YMM251014-00000116,SMF28240458,과즙폭발 꿀당도 보장 감귤 [유라실생],소과,5.0,1,34900.0,34900.0,0,0.0,0,6980.0
YMM251014-00000117,SMF28240458,과즙폭발 꿀당도 보장 감귤 [유라실생],소과,2.5,1,24900.0,24900.0,0,0.0,0,9960.0
YMM251014-00000121,SMF28240458,과즙폭발 꿀당도 보장 감귤 [유라실생],소과,5.0,1,34900.0,34900.0,0,0.0,0,6980.0
YMM251014-00000123,SMF28240458,과즙폭발 꿀당도 보장 감귤 [유라실생],소과,2.5,1,24900.0,24900.0,0,0.0,0,9960.0
YMM251014-00000124,SMF28240458,과즙폭발 꿀당도 보장 감귤 [유라실생],소과,5.0,1,34900.0,34900.0,0,0.0,0,6980.0
YMM251014-00000125,SMF28240458,과즙폭발 꿀당도 보장 감귤 [유라실생],소과,2.5,1,24900.0,24900.0,0,0.0,0,9960.0
YMM251014-00000127,SMF28240458,과즙폭발 꿀당도 보장 감귤 [유라실생],소과,5.0,1,34900.0,34900.0,0,0.0,0,6980.0
YMM251014-00000128,SMF29718566,제주 산지직송 황금향 선물세트 가정용,중대과,4.5,1,54000.0,40000.0,14000,0.25925925925925924,0,12000.0
YMM251014-00000129,SMF28240458,과즙폭발 꿀당도 보장 감귤 [유라실생],소과,2.5,1,24900.0,24900.0,0,0.0,0,9960.0
YMM251014-00000131,SMF28240458,과즙폭발 꿀당도 보장 감귤 [유라실생],소과,5.0,1,34900.0,34900.0,0,0.0,0,6980.0
YMM251014-00000132,SMF28240458,과즙폭발 꿀당도 보장 감귤 [유라실생],소과,5.0,1,34900.0,34900.0,0,0.0,0,6980.0
YMM251014-00000133,SMF28240458,과즙폭발 꿀당도 보장 감귤 [유라실생],소과,5.0,1,34900.0,34900.0,0,0.0,0,6980.0
YMM251014-00000134,SMF28240458,과즙폭발 꿀당도 보장 감귤 [유라실생],소과,5.0,1,34900.0,34900.0,0,0.0,0,6980.0
YMM251014-00000135,SMF28240458,과즙폭발 꿀당도 보장 감귤 [유라실생],소과,2.5,1,24900.0,24900.0,0,0.0,0,9960.0
YMM251014-00000136,SMF28240458,과즙폭발 꿀당도 보장 감귤 [유라실생],소과,2.5,1,24900.0,24900.0,0,0.0,0,9960.0
YMM251014-00000137,SMF28240458,과즙폭발 꿀당도 보장 감귤 [유라실생],소과,5.0,1,34900.0,34900.0,0,0.0,0,6980.0
YMM251014-00000139,SMF28240458,과즙폭발 꿀당도 보장 감귤 [유라실생],소과,5.0,1,34900.0,34900.0,0,0.0,0,6980.0
YMM251014-00000140,SMF28240458,과즙폭발 꿀당도 보장 감귤 [유라실생],소과,2.5,1,24900.0,24900.0,0,0.0,0,9960.0
YMM251014-00000141,SMF28240458,과즙폭발 꿀당도 보장 감귤 [유라실생],소과,2.5,2,24900.0,24900.0,0,0.0,0,19920.0
YMM251014-00000143,SMF28240458,과즙폭발 꿀당도 보장 감귤 [유라실생],소과,2.5,1,24900.0,24900.0,0,0.0,0,9960.0
YMM251014-00000148,SMF28240458,과즙폭발 꿀당도 보장 감귤 [유라실생],소과,5.0,1,34900.0,34900.0,0,0.0,0,6980.0
YMM251014-00000150,SMF28240458,과즙폭발 꿀당도 보장 감귤 [유라실생],소과,5.0,1,34900.0,34900.0,0,0.0,0,6980.0
YMM251014-00000151,SMF28240458,과즙폭발 꿀당도 보장 감귤 [유라실생],소과,5.0,1,34900.0,34900.0,0,0.0,0,6980.0
YMM251014-00000153,SMF28240458,과즙폭발 꿀당도 보장 감귤 [유라실생],소과,2.5,1,24900.0,24900.0,0,0.0,0,9960.0
YMM251014-00000154,SMF28240458,과즙폭발 꿀당도 보장 감귤 [유라실생],소과,2.5,1,24900.0,24900.0,0,0.0,0,9960.0
YMM251014-00000155,SMF87846210,"2025 첫수확 노지감귤 가정용 3kg, 5kg",로얄과,10.0,1,35000.0,23000.0,12000,0.34285714285714286,0,3500.0
YMM251014-00000156,SMF28240458,과즙폭발 꿀당도 보장 감귤 [유라실생],소과,5.0,1,34900.0,34900.0,0,0.0,0,6980.0
YMM251014-00000157,SMF28240458,과즙폭발 꿀당도 보장 감귤 [유라실생],소과,2.5,1,24900.0,24900.0,0,0.0,0,9960.0
YMM251014-00000158,SMF28240458,과즙폭발 꿀당도 보장 감귤 [유라실생],소과,5.0,1,34900.0,34900.0,0,0.0,0,6980.0
YMM251014-00000160,SMF28240458,과즙폭발 꿀당도 보장 감귤 [유라실생],소과,2.5,1,24900.0,24900.0,0,0.0,0,9960.0
YMM251014-00000161,SMF28240458,과즙폭발 꿀당도 보장 감귤 [유라실생],소과,2.5,1,24900.0,24900.0,0,0.0,0,9960.0
YMM251014-00000162,SMF28240458,과즙폭발 꿀당도 보장 감귤 [유라실생],소과,5.0,1,34900.0,34900.0,0,0.0,0,6980.0
YMM251014-00000163,SMF28240458,과즙폭발 꿀당도 보장 감귤 [유라실생],소과,2.5,1,24900.0,24900.0,0,0.0,0,9960.0
YMM251014-00000164,SMF87846210,"2025 첫수확 노지감귤 가정용 3kg, 5kg",소과,10.0,1,35000.0,23000.0,12000,0.34285714285714286,0,3500.0
YMM251014-00000165,SMF28240458,과즙폭발 꿀당도 보장 감귤 [유라실생],소과,2.5,1,24900.0,24900.0,0,0.0,0,9960.0
YMM251014-00000167,SMF28240458,과즙폭발 꿀당도 보장 감귤 [유라실생],소과,2.5,1,24900.0,24900.0,0,0.0,0,9960.0
YMM251014-00000168,SMF28240458,과즙폭발 꿀당도 보장 감귤 [유라실생],소과,5.0,1,34900.0,34900.0,0,0.0,0,6980.0
YMM251014-00000169,SMF87846210,"2025 첫수확 노지감귤 가정용 3kg, 5kg",로얄과,10.0,1,35000.0,23000.0,12000,0.34285714285714286,0,3500.0
YMM251014-00000170,SMF28240458,과즙폭발 꿀당도 보장 감귤 [유라실생],소과,2.5,2,24900.0,24900.0,0,0.0,0,19920.0
YMM251014-00000174,SMF28240458,과즙폭발 꿀당도 보장 감귤 [유라실생],소과,2.5,1,24900.0,24900.0,0,0.0,0,9960.0
YMM251014-00000175,SMF28240458,과즙폭발 꿀당도 보장 감귤 [유라실생],소과,2.5,1,24900.0,24900.0,0,0.0,0,9960.0
YMM251014-00000176,SMF28240458,과즙폭발 꿀당도 보장 감귤 [유라실생],소과,5.0,1,34900.0,34900.0,0,0.0,0,6980.0
YMM251014-00000177,SMF29718566,제주 산지직송 황금향 선물세트 가정용,소과,3.0,1,32000.0,15800.0,16200,0.50625,0,10666.666666666666
YMM251014-00000178,SMF28240458,과즙폭발 꿀당도 보장 감귤 [유라실생],소과,2.5,1,24900.0,24900.0,0,0.0,0,9960.0
YMM251014-00000182,SMF28240458,과즙폭발 꿀당도 보장 감귤 [유라실생],소과,2.5,1,24900.0,24900.0,0,0.0,0,9960.0
YMM251014-00000183,SMF28240458,과즙폭발 꿀당도 보장 감귤 [유라실생],소과,2.5,1,24900.0,24900.0,0,0.0,0,9960.0
YMM251014-00000184,SMF28240458,과즙폭발 꿀당도 보장 감귤 [유라실생],소과,5.0,1,34900.0,34900.0,0,0.0,0,6980.0
YMM251014-00000185,SMF28240458,과즙폭발 꿀당도 보장 감귤 [유라실생],소과,2.5,1,24900.0,24900.0,0,0.0,0,9960.0
YMM251014-00000187,SMF28240458,과즙폭발 꿀당도 보장 감귤 [유라실생],소과,2.5,1,24900.0,24900.0,0,0.0,0,9960.0
YMM251014-00000188,SMF28240458,과즙폭발 꿀당도 보장 감귤 [유라실생],소과,2.5,1,24900.0,24900.0,0,0.0,0,9960.0
YMM251014-00000189,SMF28240458,과즙폭발 꿀당도 보장 감귤 [유라실생],소과,2.5,1,24900.0,24900.0,0,0.0,0,9960.0
YMM251014-00000191,SMF28240458,과즙폭발 꿀당도 보장 감귤 [유라실생],소과,2.5,1,24900.0,24900.0,0,0.0,0,9960.0
YMM251014-00000192,SMF28240458,과즙폭발 꿀당도 보장 감귤 [유라실생],소과,5.0,1,34900.0,34900.0,0,0.0,0,6980.0
YMM251014-00000193,SMF28240458,과즙폭발 꿀당도 보장 감귤 [유라실생],소과,5.0,1,34900.0,34900.0,0,0.0,0,6980.0
YMM251014-00000194,SMF28240458,과즙폭발 꿀당도 보장 감귤 [유라실생],소과,5.0,1,34900.0,34900.0,0,0.0,0,6980.0
YMM251014-00000195,SMF28240458,과즙폭발 꿀당도 보장 감귤 [유라실생],소과,5.0,1,34900.0,34900.0,0,0.0,0,6980.0
YMM251014-00000196,SMF28240458,과즙폭발 꿀당도 보장 감귤 [유라실생],소과,2.5,1,24900.0,24900.0,0,0.0,0,9960.0
YMM251014-00000198,SMF87846210,"2025 첫수확 노지감귤 가정용 3kg, 5kg",로얄과,3.0,1,17000.0,8800.0,8200,0.4823529411764706,0,5666.666666666667
YMM251014-00000199,SMF87846210,"2025 첫수확 노지감귤 가정용 3kg, 5kg",로얄과,3.0,1,17000.0,8800.0,8200,0.4823529411764706,0,5666.666666666667
YMM251014-00000200,SMF87846210,"2025 첫수확 노지감귤 가정용 3kg, 5kg",소과,3.0,1,17000.0,8800.0,8200,0.4823529411764706,0,5666.666666666667
YMM251014-00000201,SMF28240458,과즙폭발 꿀당도 보장 감귤 [유라실생],소과,2.5,1,24900.0,24900.0,0,0.0,0,9960.0
YMM251014-00000202,SMF28240458,과즙폭발 꿀당도 보장 감귤 [유라실생],소과,2.5,3,24900.0,24900.0,0,0.0,0,29880.0
YMM251014-00000203,SMF28240458,과즙폭발 꿀당도 보장 감귤 [유라실생],소과,2.5,1,24900.0,24900.0,0,0.0,0,9960.0
YMM251014-00000205,SMF28240458,과즙폭발 꿀당도 보장 감귤 [유라실생],소과,2.5,1,24900.0,24900.0,0,0.0,0,9960.0
YMM251014-00000206,SMF28240458,과즙폭발 꿀당도 보장 감귤 [유라실생],소과,5.0,1,34900.0,34900.0,0,0.0,0,6980.0
YMM251014-00000207,SMF28240458,과즙폭발 꿀당도 보장 감귤 [유라실생],소과,5.0,3,34900.0,34900.0,0,0.0,0,20940.0
YMM251014-00000208,SMF28240458,과즙폭발 꿀당도 보장 감귤 [유라실생],소과,2.5,1,24900.0,24900.0,0,0.0,0,9960.0
YMM251014-00000209,SMF28240458,과즙폭발 꿀당도 보장 감귤 [유라실생],소과,5.0,1,34900.0,34900.0,0,0.0,0,6980.0
YMM251014-00000210,SMF28240458,과즙폭발 꿀당도 보장 감귤 [유라실생],소과,2.5,1,24900.0,24900.0,0,0.0,0,9960.0
YMM251014-00000211,SMF28240458,과즙폭발 꿀당도 보장 감귤 [유라실생],소과,5.0,1,34900.0,34900.0,0,0.0,0,6980.0
YMM251014-00000214,SMF28240458,과즙폭발 꿀당도 보장 감귤 [유라실생],소과,2.5,1,24900.0,24900.0,0,0.0,0,9960.0
YMM251014-00000215,SMF28240458,과즙폭발 꿀당도 보장 감귤 [유라실생],소과,5.0,1,34900.0,34900.0,0,0.0,0,6980.0
YMM251014-00000216,SMF28240458,과즙폭발 꿀당도 보장 감귤 [유라실생],소과,2.5,1,24900.0,24900.0,0,0.0,0,9960.0
YMM251014-00000217,SMF28240458,과즙폭발 꿀당도 보장 감귤 [유라실생],소과,2.5,1,24900.0,24900.0,0,0.0,0,9960.0
YMM251014-00000218,SMF28240458,과즙폭발 꿀당도 보장 감귤 [유라실생],소과,2.5,1,24900.0,24900.0,0,0.0,0,9960.0
YMM251014-00000219,SMF28240458,과즙폭발 꿀당도 보장 감귤 [유라실생],소과,5.0,1,34900.0,34900.0,0,0.0,0,6980.0
YMM251014-00000220,SMF28240458,과즙폭발 꿀당도 보장 감귤 [유라실생],소과,5.0,1,34900.0,34900.0,0,0.0,0,6980.0
YMM251014-00000221,SMF28240458,과즙폭발 꿀당도 보장 감귤 [유라실생],소과,5.0,1,34900.0,34900.0,0,0.0,0,6980.0
YMM251014-00000224,SMF28240458,과즙폭발 꿀당도 보장 감귤 [유라실생],소과,2.5,1,24900.0,24900.0,0,0.0,0,9960.0
YMM251014-00000225,SMF87846210,"2025 첫수확 노지감귤 가정용 3kg, 5kg",로얄과,3.0,1,17000.0,8800.0,8200,0.4823529411764706,0,5666.666666666667
YMM251014-00000226,SMF87846210,"2025 첫수확 노지감귤 가정용 3kg, 5kg",로얄과,3.0,1,17000.0,8800.0,8200,0.4823529411764706,0,5666.666666666667
YMM251014-00000227,SMF87846210,"2025 첫수확 노지감귤 가정용 3kg, 5kg",소과,5.0,1,24000.0,13300.0,10700,0.44583333333333336,0,4800.0
YMM251014-00000228,SMF87846210,"2025 첫수확 노지감귤 가정용 3kg, 5kg",로얄과,3.0,1,17000.0,8800.0,8200,0.4823529411764706,0,5666.666666666667
YMM251014-00000229,SMF87846210,"2025 첫수확 노지감귤 가정용 3kg, 5kg",로얄과,3.0,1,17000.0,8800.0,8200,0.4823529411764706,0,5666.666666666667
YMM251014-00000230,SMF87846210,"2025 첫수확 노지감귤 가정용 3kg, 5kg",로얄과,3.0,1,17000.0,8800.0,8200,0.4823529411764706,0,5666.666666666667
YMM251014-00000231,SMF28240458,과즙폭발 꿀당도 보장 감귤 [유라실생],소과,2.5,1,24900.0,24900.0,0,0.0,0,9960.0
YMM251014-00000232,SMF28240458,과즙폭발 꿀당도 보장 감귤 [유라실생],소과,2.5,1,24900.0,24900.0,0,0.0,0,9960.0
YMM251014-00000233,SMF87846210,"2025 첫수확 노지감귤 가정용 3kg, 5kg",로얄과,3.0,1,17000.0,8800.0,8200,0.4823529411764706,0,5666.666666666667
YMM251014-00000234,SMF87846210,"2025 첫수확 노지감귤 가정용 3kg, 5kg",로얄과,10.0,1,35000.0,23000.0,12000,0.34285714285714286,0,3500.0
YMM251014-00000235,SMF87846210,"2025 첫수확 노지감귤 가정용 3kg, 5kg",로얄과,3.0,1,17000.0,8800.0,8200,0.4823529411764706,0,5666.666666666667
YMM251014-00000236,SMF87846210,"2025 첫수확 노지감귤 가정용 3kg, 5kg",로얄과,3.0,1,17000.0,8800.0,8200,0.4823529411764706,0,5666.666666666667
YMM251014-00000237,SMF87846210,"2025 첫수확 노지감귤 가정용 3kg, 5kg",로얄과,3.0,1,17000.0,8800.0,8200,0.4823529411764706,0,5666.666666666667
YMM251014-00000238,SMF87846210,"2025 첫수확 노지감귤 가정용 3kg, 5kg",로얄과,3.0,1,17000.0,8800.0,8200,0.4823529411764706,0,5666.666666666667
YMM251014-00000239,SMF28240458,과즙폭발 꿀당도 보장 감귤 [유라실생],소과,2.5,1,24900.0,24900.0,0,0.0,0,9960.0
YMM251014-00000240,SMF87846210,"2025 첫수확 노지감귤 가정용 3kg, 5kg",로얄과,3.0,1,17000.0,8800.0,8200,0.4823529411764706,0,5666.666666666667
YMM251014-00000241,SMF28240458,과즙폭발 꿀당도 보장 감귤 [유라실생],소과,2.5,1,24900.0,24900.0,0,0.0,0,9960.0
YMM251014-00000243,SMF87846210,"2025 첫수확 노지감귤 가정용 3kg, 5kg",로얄과,3.0,1,17000.0,8800.0,8200,0.4823529411764706,0,5666.666666666667
YMM251014-00000244,SMF87846210,"2025 첫수확 노지감귤 가정용 3kg, 5kg",로얄과,10.0,1,35000.0,23000.0,12000,0.34285714285714286,0,3500.0
YMM251014-00000245,SMF87846210,"2025 첫수확 노지감귤 가정용 3kg, 5kg",로얄과,5.0,1,24000.0,13300.0,10700,0.44583333333333336,0,4800.0
YMM251014-00000246,SMF28240458,과즙폭발 꿀당도 보장 감귤 [유라실생],소과,5.0,1,34900.0,34900.0,0,0.0,0,6980.0
YMM251014-00000247,SMF87846210,"2025 첫수확 노지감귤 가정용 3kg, 5kg",로얄과,5.0,1,24000.0,13300.0,10700,0.44583333333333336,0,4800.0
YMM251014-00000248,SMF28240458,과즙폭발 꿀당도 보장 감귤 [유라실생],소과,5.0,1,34900.0,34900.0,0,0.0,0,6980.0
YMM251014-00000249,SMF87846210,"2025 첫수확 노지감귤 가정용 3kg, 5kg",로얄과,3.0,1,17000.0,8800.0,8200,0.4823529411764706,0,5666.666666666667
YMM251014-00000250,SMF87846210,"2025 첫수확 노지감귤 가정용 3kg, 5kg",로얄과,3.0,1,17000.0,8800.0,8200,0.4823529411764706,0,5666.666666666667
YMM251014-00000251,SMF87846210,"2025 첫수확 노지감귤 가정용 3kg, 5kg",로얄과,3.0,1,17000.0,8800.0,8200,0.4823529411764706,0,5666.666666666667
YMM251014-00000253,SMF87846210,"2025 첫수확 노지감귤 가정용 3kg, 5kg",로얄과,3.0,1,17000.0,8800.0,8200,0.4823529411764706,0,5666.666666666667
YMM251014-00000254,SMF87846210,"2025 첫수확 노지감귤 가정용 3kg, 5kg",로얄과,3.0,1,17000.0,8800.0,8200,0.4823529411764706,0,5666.666666666667
YMM251014-00000255,SMF87846210,"2025 첫수확 노지감귤 가정용 3kg, 5kg",로얄과,5.0,1,24000.0,13300.0,10700,0.44583333333333336,0,4800.0
YMM251014-00000256,SMF87846210,"2025 첫수확 노지감귤 가정용 3kg, 5kg",로얄과,5.0,1,24000.0,13300.0,10700,0.44583333333333336,0,4800.0
YMM251014-00000257,SMF28240458,과즙폭발 꿀당도 보장 감귤 [유라실생],소과,5.0,1,34900.0,34900.0,0,0.0,0,6980.0
YMM251014-00000259,SMF28240458,과즙폭발 꿀당도 보장 감귤 [유라실생],소과,5.0,1,34900.0,34900.0,0,0.0,0,6980.0
YMM251014-00000260,SMF28240458,과즙폭발 꿀당도 보장 감귤 [유라실생],소과,5.0,1,34900.0,34900.0,0,0.0,0,6980.0
YMM251014-00000261,SMF28240458,과즙폭발 꿀당도 보장 감귤 [유라실생],소과,5.0,1,34900.0,34900.0,0,0.0,0,6980.0
YMM251014-00000263,SMF28240458,과즙폭발 꿀당도 보장 감귤 [유라실생],소과,2.5,1,24900.0,24900.0,0,0.0,0,9960.0
YMM251014-00000265,SMF28240458,과즙폭발 꿀당도 보장 감귤 [유라실생],소과,5.0,1,34900.0,34900.0,0,0.0,0,6980.0
YMM251014-00000266,SMF28240458,과즙폭발 꿀당도 보장 감귤 [유라실생],소과,2.5,1,24900.0,24900.0,0,0.0,0,9960.0
YMM251014-00000267,SMF28240458,과즙폭발 꿀당도 보장 감귤 [유라실생],소과,5.0,1,34900.0,34900.0,0,0.0,0,6980.0
YMM251014-00000268,SMF28240458,과즙폭발 꿀당도 보장 감귤 [유라실생],소과,2.5,1,24900.0,24900.0,0,0.0,0,9960.0
YMM251014-00000269,SMF28240458,과즙폭발 꿀당도 보장 감귤 [유라실생],소과,5.0,1,34900.0,34900.0,0,0.0,0,6980.0
YMM251014-00000270,SMF28240458,과즙폭발 꿀당도 보장 감귤 [유라실생],소과,5.0,1,34900.0,34900.0,0,0.0,0,6980.0
YMM251014-00000271,SMF87846210,"2025 첫수확 노지감귤 가정용 3kg, 5kg",소과,5.0,1,24000.0,13300.0,10700,0.44583333333333336,0,4800.0
YMM251014-00000274,SMF28240458,과즙폭발 꿀당도 보장 감귤 [유라실생],소과,5.0,1,34900.0,34900.0,0,0.0,0,6980.0
YMM251014-00000276,SMF28240458,과즙폭발 꿀당도 보장 감귤 [유라실생],소과,5.0,1,34900.0,34900.0,0,0.0,0,6980.0
YMM251014-00000277,SMF29718566,제주 산지직송 황금향 선물세트 가정용,소과,5.0,1,42000.0,25000.0,17000,0.40476190476190477,0,8400.0
YMM251014-00000278,SMF28240458,과즙폭발 꿀당도 보장 감귤 [유라실생],소과,2.5,1,24900.0,24900.0,0,0.0,0,9960.0
YMM251014-00000279,SMF28240458,과즙폭발 꿀당도 보장 감귤 [유라실생],소과,5.0,2,34900.0,34900.0,0,0.0,0,13960.0
YMM251014-00000280,SMF28240458,과즙폭발 꿀당도 보장 감귤 [유라실생],소과,5.0,1,34900.0,34900.0,0,0.0,0,6980.0
YMM251014-00000282,SMF28240458,과즙폭발 꿀당도 보장 감귤 [유라실생],소과,5.0,1,34900.0,34900.0,0,0.0,0,6980.0
YMM251015-00000001,SMF28240458,과즙폭발 꿀당도 보장 감귤 [유라실생],소과,2.5,1,24900.0,24900.0,0,0.0,0,9960.0
YMM251015-00000002,SMF28240458,과즙폭발 꿀당도 보장 감귤 [유라실생],소과,2.5,1,24900.0,24900.0,0,0.0,0,9960.0
YMM251015-00000003,SMF28240458,과즙폭발 꿀당도 보장 감귤 [유라실생],소과,2.5,1,24900.0,24900.0,0,0.0,0,9960.0
YMM251015-00000004,SMF28240458,과즙폭발 꿀당도 보장 감귤 [유라실생],소과,5.0,1,34900.0,34900.0,0,0.0,0,6980.0
YMM251015-00000005,SMF87846210,"2025 첫수확 노지감귤 가정용 3kg, 5kg",소과,5.0,1,24000.0,13300.0,10700,0.44583333333333336,0,4800.0
YMM251015-00000006,SMF29718566,제주 산지직송 황금향 선물세트 가정용,소과,3.0,1,32000.0,15800.0,16200,0.50625,0,10666.666666666666
YMM251015-00000007,SMF28240458,과즙폭발 꿀당도 보장 감귤 [유라실생],소과,2.5,1,24900.0,24900.0,0,0.0,0,9960.0
YMM251015-00000008,SMF87846210,"2025 첫수확 노지감귤 가정용 3kg, 5kg",로얄과,5.0,1,24000.0,13300.0,10700,0.44583333333333336,0,4800.0
YMM251015-00000009,SMF28240458,과즙폭발 꿀당도 보장 감귤 [유라실생],소과,5.0,1,34900.0,34900.0,0,0.0,0,6980.0
YMM251015-00000010,SMF87846210,"2025 첫수확 노지감귤 가정용 3kg, 5kg",소과,3.0,1,17000.0,8800.0,8200,0.4823529411764706,0,5666.666666666667
YMM251015-00000011,SMF87846210,"2025 첫수확 노지감귤 가정용 3kg, 5kg",소과,3.0,3,17000.0,8800.0,24600,0.4823529411764706,0,17000.0
YMM251015-00000014,SMF28240458,과즙폭발 꿀당도 보장 감귤 [유라실생],소과,5.0,1,34900.0,34900.0,0,0.0,0,6980.0
YMM251015-00000016,SMF87846210,"2025 첫수확 노지감귤 가정용 3kg, 5kg",로얄과,10.0,1,35000.0,23000.0,12000,0.34285714285714286,0,3500.0
YMM251015-00000017,SMF28240458,과즙폭발 꿀당도 보장 감귤 [유라실생],소과,2.5,1,24900.0,24900.0,0,0.0,0,9960.0
YMM251015-00000018,SMF87846210,"2025 첫수확 노지감귤 가정용 3kg, 5kg",소과,10.0,1,35000.0,23000.0,12000,0.34285714285714286,0,3500.0
YMM251015-00000019,SMF28240458,과즙폭발 꿀당도 보장 감귤 [유라실생],소과,5.0,1,34900.0,34900.0,0,0.0,0,6980.0
YMM251015-00000022,SMF28240458,과즙폭발 꿀당도 보장 감귤 [유라실생],소과,2.5,1,24900.0,24900.0,0,0.0,0,9960.0
YMM251015-00000026,SMF28240458,과즙폭발 꿀당도 보장 감귤 [유라실생],소과,2.5,1,24900.0,24900.0,0,0.0,0,9960.0
YMM251015-00000027,SMF87846210,"2025 첫수확 노지감귤 가정용 3kg, 5kg",소과,3.0,1,17000.0,8800.0,8200,0.4823529411764706,0,5666.666666666667
YMM251015-00000028,SMF87846210,"2025 첫수확 노지감귤 가정용 3kg, 5kg",소과,3.0,1,17000.0,8800.0,8200,0.4823529411764706,0,5666.666666666667
YMM251015-00000029,SMF87846210,"2025 첫수확 노지감귤 가정용 3kg, 5kg",소과,3.0,1,17000.0,8800.0,8200,0.4823529411764706,0,5666.666666666667
YMM251015-00000031,SMF87846210,"2025 첫수확 노지감귤 가정용 3kg, 5kg",소과,3.0,1,17000.0,8800.0,8200,0.4823529411764706,0,5666.666666666667
YMM251015-00000032,SMF87846210,"2025 첫수확 노지감귤 가정용 3kg, 5kg",소과,5.0,1,24000.0,13300.0,10700,0.44583333333333336,0,4800.0
YMM251015-00000033,SMF87846210,"2025 첫수확 노지감귤 가정용 3kg, 5kg",소과,10.0,1,35000.0,23000.0,12000,0.34285714285714286,0,3500.0
YMM251015-00000035,SMF28240458,과즙폭발 꿀당도 보장 감귤 [유라실생],소과,5.0,1,34900.0,34900.0,0,0.0,0,6980.0
YMM251015-00000037,SMF28240458,과즙폭발 꿀당도 보장 감귤 [유라실생],소과,2.5,1,24900.0,24900.0,0,0.0,0,9960.0
YMM251015-00000038,SMF87846210,"2025 첫수확 노지감귤 가정용 3kg, 5kg",소과,3.0,1,17000.0,8800.0,8200,0.4823529411764706,0,5666.666666666667
YMM251015-00000039,SMF28240458,과즙폭발 꿀당도 보장 감귤 [유라실생],소과,5.0,1,34900.0,34900.0,0,0.0,0,6980.0
YMM251015-00000040,SMF28240458,과즙폭발 꿀당도 보장 감귤 [유라실생],소과,5.0,1,34900.0,34900.0,0,0.0,0,6980.0
YMM251015-00000041,SMF28240458,과즙폭발 꿀당도 보장 감귤 [유라실생],소과,2.5,1,24900.0,24900.0,0,0.0,0,9960.0
YMM251015-00000042,SMF28240458,과즙폭발 꿀당도 보장 감귤 [유라실생],소과,2.5,1,24900.0,24900.0,0,0.0,0,9960.0
YMM251015-00000045,SMF87846210,"2025 첫수확 노지감귤 가정용 3kg, 5kg",소과,3.0,1,17000.0,8800.0,8200,0.4823529411764706,0,5666.666666666667
YMM251015-00000046,SMF28240458,과즙폭발 꿀당도 보장 감귤 [유라실생],소과,2.5,1,24900.0,24900.0,0,0.0,0,9960.0
YMM251015-00000047,SMF28240458,과즙폭발 꿀당도 보장 감귤 [유라실생],소과,5.0,1,34900.0,34900.0,0,0.0,0,6980.0
YMM251015-00000048,SMF28240458,과즙폭발 꿀당도 보장 감귤 [유라실생],소과,5.0,1,34900.0,34900.0,0,0.0,0,6980.0
YMM251015-00000049,SMF28240458,과즙폭발 꿀당도 보장 감귤 [유라실생],소과,5.0,1,34900.0,34900.0,0,0.0,0,6980.0
YMM251015-00000050,SMF28240458,과즙폭발 꿀당도 보장 감귤 [유라실생],소과,2.5,1,24900.0,24900.0,0,0.0,0,9960.0
YMM251015-00000051,SMF87846210,"2025 첫수확 노지감귤 가정용 3kg, 5kg",소과,3.0,1,17000.0,8800.0,8200,0.4823529411764706,0,5666.666666666667
YMM251015-00000052,SMF28240458,과즙폭발 꿀당도 보장 감귤 [유라실생],소과,5.0,1,34900.0,34900.0,0,0.0,0,6980.0
YMM251015-00000053,SMF29718566,제주 산지직송 황금향 선물세트 가정용,중대과,2.5,1,39000.0,25000.0,14000,0.358974358974359,0,15600.0
YMM251015-00000054,SMF28240458,과즙폭발 꿀당도 보장 감귤 [유라실생],소과,5.0,1,34900.0,34900.0,0,0.0,0,6980.0
YMM251015-00000055,SMF87846210,"2025 첫수확 노지감귤 가정용 3kg, 5kg",소과,5.0,1,24000.0,13300.0,10700,0.44583333333333336,0,4800.0
YMM251015-00000056,SMF87846210,"2025 첫수확 노지감귤 가정용 3kg, 5kg",소과,3.0,1,17000.0,8800.0,8200,0.4823529411764706,0,5666.666666666667
YMM251015-00000057,SMF87846210,"2025 첫수확 노지감귤 가정용 3kg, 5kg",소과,3.0,5,17000.0,8800.0,41000,0.4823529411764706,0,28333.333333333332
YMM251015-00000058,SMF87846210,"2025 첫수확 노지감귤 가정용 3kg, 5kg",소과,3.0,1,17000.0,8800.0,8200,0.4823529411764706,0,5666.666666666667
YMM251015-00000060,SMF28240458,과즙폭발 꿀당도 보장 감귤 [유라실생],소과,2.5,1,24900.0,24900.0,0,0.0,0,9960.0
YMM251015-00000061,SMF28240458,과즙폭발 꿀당도 보장 감귤 [유라실생],소과,2.5,1,24900.0,24900.0,0,0.0,0,9960.0
YMM251015-00000062,SMF28240458,과즙폭발 꿀당도 보장 감귤 [유라실생],소과,2.5,1,24900.0,24900.0,0,0.0,0,9960.0
YMM251015-00000063,SMF28240458,과즙폭발 꿀당도 보장 감귤 [유라실생],소과,5.0,1,34900.0,34900.0,0,0.0,0,6980.0
YMM251015-00000064,SMF28240458,과즙폭발 꿀당도 보장 감귤 [유라실생],소과,5.0,1,34900.0,34900.0,0,0.0,0,6980.0
YMM251015-00000065,SMF29718566,제주 산지직송 황금향 선물세트 가정용,소과,5.0,1,42000.0,25000.0,17000,0.40476190476190477,0,8400.0
YMM251015-00000066,SMF28240458,과즙폭발 꿀당도 보장 감귤 [유라실생],소과,2.5,1,24900.0,24900.0,0,0.0,0,9960.0
YMM251015-00000067,SMF28240458,과즙폭발 꿀당도 보장 감귤 [유라실생],소과,5.0,1,34900.0,34900.0,0,0.0,0,6980.0
YMM251015-00000069,SMF28240458,과즙폭발 꿀당도 보장 감귤 [유라실생],소과,5.0,1,34900.0,34900.0,0,0.0,0,6980.0
YMM251015-00000070,SMF28240458,과즙폭발 꿀당도 보장 감귤 [유라실생],소과,2.5,1,24900.0,24900.0,0,0.0,0,9960.0
YMM251015-00000071,SMF28240458,과즙폭발 꿀당도 보장 감귤 [유라실생],소과,2.5,1,24900.0,24900.0,0,0.0,0,9960.0
YMM251015-00000072,SMF28240458,과즙폭발 꿀당도 보장 감귤 [유라실생],소과,5.0,1,34900.0,34900.0,0,0.0,0,6980.0
YMM251015-00000073,SMF28240458,과즙폭발 꿀당도 보장 감귤 [유라실생],소과,2.5,1,24900.0,24900.0,0,0.0,0,9960.0
YMM251015-00000074,SMF28240458,과즙폭발 꿀당도 보장 감귤 [유라실생],소과,5.0,1,34900.0,34900.0,0,0.0,0,6980.0
YMM251015-00000075,SMF28240458,과즙폭발 꿀당도 보장 감귤 [유라실생],소과,5.0,1,34900.0,34900.0,0,0.0,0,6980.0
YMM251015-00000076,SMF28240458,과즙폭발 꿀당도 보장 감귤 [유라실생],소과,5.0,1,34900.0,34900.0,0,0.0,0,6980.0
YMM251015-00000077,SMF87846210,"2025 첫수확 노지감귤 가정용 3kg, 5kg",로얄과,3.0,10,17000.0,8800.0,82000,0.4823529411764706,0,56666.666666666664
YMM251015-00000078,SMF28240458,과즙폭발 꿀당도 보장 감귤 [유라실생],소과,5.0,1,34900.0,34900.0,0,0.0,0,6980.0
YMM251015-00000079,SMF28240458,과즙폭발 꿀당도 보장 감귤 [유라실생],소과,5.0,1,34900.0,34900.0,0,0.0,0,6980.0
YMM251015-00000080,SMF28240458,과즙폭발 꿀당도 보장 감귤 [유라실생],소과,5.0,1,34900.0,34900.0,0,0.0,0,6980.0
YMM251015-00000081,SMF28240458,과즙폭발 꿀당도 보장 감귤 [유라실생],소과,2.5,1,24900.0,24900.0,0,0.0,0,9960.0
YMM251015-00000082,SMF28240458,과즙폭발 꿀당도 보장 감귤 [유라실생],소과,5.0,1,34900.0,34900.0,0,0.0,0,6980.0
YMM251015-00000083,SMF29718566,제주 산지직송 황금향 선물세트 가정용,소과,3.0,1,32000.0,15800.0,16200,0.50625,0,10666.666666666666
YMM251015-00000084,SMF28240458,과즙폭발 꿀당도 보장 감귤 [유라실생],소과,5.0,1,34900.0,34900.0,0,0.0,0,6980.0
YMM251015-00000085,SMF87846210,"2025 첫수확 노지감귤 가정용 3kg, 5kg",로얄과,10.0,1,35000.0,23000.0,12000,0.34285714285714286,0,3500.0
YMM251015-00000086,SMF28240458,과즙폭발 꿀당도 보장 감귤 [유라실생],소과,2.5,1,24900.0,24900.0,0,0.0,0,9960.0
YMM251015-00000087,SMF28240458,과즙폭발 꿀당도 보장 감귤 [유라실생],소과,5.0,1,34900.0,34900.0,0,0.0,0,6980.0
YMM251015-00000088,SMF87846210,"2025 첫수확 노지감귤 가정용 3kg, 5kg",로얄과,3.0,1,17000.0,8800.0,8200,0.4823529411764706,0,5666.666666666667
YMM251015-00000089,SMF28240458,과즙폭발 꿀당도 보장 감귤 [유라실생],소과,2.5,1,24900.0,24900.0,0,0.0,0,9960.0
YMM251015-00000090,SMF28240458,과즙폭발 꿀당도 보장 감귤 [유라실생],소과,5.0,1,34900.0,34900.0,0,0.0,0,6980.0
YMM251015-00000091,SMF28240458,과즙폭발 꿀당도 보장 감귤 [유라실생],소과,2.5,1,24900.0,24900.0,0,0.0,0,9960.0
YMM251015-00000092,SMF28240458,과즙폭발 꿀당도 보장 감귤 [유라실생],소과,5.0,1,34900.0,34900.0,0,0.0,0,6980.0
YMM251015-00000093,SMF28240458,과즙폭발 꿀당도 보장 감귤 [유라실생],소과,5.0,1,34900.0,34900.0,0,0.0,0,6980.0
YMM251015-00000095,SMF87846210,"2025 첫수확 노지감귤 가정용 3kg, 5kg",소과,5.0,2,24000.0,13300.0,21400,0.44583333333333336,0,9600.0
YMM251015-00000097,SMF28240458,과즙폭발 꿀당도 보장 감귤 [유라실생],소과,2.5,1,24900.0,24900.0,0,0.0,0,9960.0
YMM251015-00000098,SMF28240458,과즙폭발 꿀당도 보장 감귤 [유라실생],소과,2.5,1,24900.0,24900.0,0,0.0,0,9960.0
YMM251015-00000099,SMF87846210,"2025 첫수확 노지감귤 가정용 3kg, 5kg",소과,5.0,1,24000.0,13300.0,10700,0.44583333333333336,0,4800.0
YMM251015-00000100,SMF28240458,과즙폭발 꿀당도 보장 감귤 [유라실생],소과,5.0,1,34900.0,34900.0,0,0.0,0,6980.0
YMM251015-00000101,SMF28240458,과즙폭발 꿀당도 보장 감귤 [유라실생],소과,5.0,1,34900.0,34900.0,0,0.0,0,6980.0
YMM251015-00000102,SMF28240458,과즙폭발 꿀당도 보장 감귤 [유라실생],소과,5.0,1,34900.0,34900.0,0,0.0,0,6980.0
YMM251015-00000103,SMF28240458,과즙폭발 꿀당도 보장 감귤 [유라실생],소과,2.5,1,24900.0,24900.0,0,0.0,0,9960.0
YMM251015-00000104,SMF87846210,"2025 첫수확 노지감귤 가정용 3kg, 5kg",로얄과,10.0,1,35000.0,23000.0,12000,0.34285714285714286,0,3500.0
YMM251015-00000105,SMF87846210,"2025 첫수확 노지감귤 가정용 3kg, 5kg",로얄과,10.0,1,35000.0,23000.0,12000,0.34285714285714286,0,3500.0
YMM251015-00000106,SMF87846210,"2025 첫수확 노지감귤 가정용 3kg, 5kg",로얄과,10.0,1,35000.0,23000.0,12000,0.34285714285714286,0,3500.0
YMM251015-00000108,SMF28240458,과즙폭발 꿀당도 보장 감귤 [유라실생],소과,2.5,1,24900.0,24900.0,0,0.0,0,9960.0
YMM251015-00000109,SMF28240458,과즙폭발 꿀당도 보장 감귤 [유라실생],소과,5.0,1,34900.0,34900.0,0,0.0,0,6980.0
YMM251015-00000110,SMF28240458,과즙폭발 꿀당도 보장 감귤 [유라실생],소과,5.0,1,34900.0,34900.0,0,0.0,0,6980.0
YMM251015-00000111,SMF28240458,과즙폭발 꿀당도 보장 감귤 [유라실생],소과,5.0,1,34900.0,34900.0,0,0.0,0,6980.0
YMM251015-00000112,SMF87846210,"2025 첫수확 노지감귤 가정용 3kg, 5kg",로얄과,10.0,1,35000.0,23000.0,12000,0.34285714285714286,0,3500.0
YMM251015-00000113,SMF28240458,과즙폭발 꿀당도 보장 감귤 [유라실생],소과,2.5,1,24900.0,24900.0,0,0.0,0,9960.0
YMM251015-00000114,SMF28240458,과즙폭발 꿀당도 보장 감귤 [유라실생],소과,2.5,1,24900.0,24900.0,0,0.0,0,9960.0
YMM251015-00000115,SMF28240458,과즙폭발 꿀당도 보장 감귤 [유라실생],소과,5.0,1,34900.0,34900.0,0,0.0,0,6980.0
YMM251015-00000116,SMF28240458,과즙폭발 꿀당도 보장 감귤 [유라실생],소과,2.5,1,24900.0,24900.0,0,0.0,0,9960.0
YMM251015-00000117,SMF28240458,과즙폭발 꿀당도 보장 감귤 [유라실생],소과,5.0,1,34900.0,34900.0,0,0.0,0,6980.0
YMM251015-00000118,SMF87846210,"2025 첫수확 노지감귤 가정용 3kg, 5kg",소과,5.0,1,24000.0,13300.0,10700,0.44583333333333336,0,4800.0
YMM251015-00000119,SMF87846210,"2025 첫수확 노지감귤 가정용 3kg, 5kg",로얄과,5.0,1,24000.0,13300.0,10700,0.44583333333333336,0,4800.0
YMM251015-00000120,SMF87846210,"2025 첫수확 노지감귤 가정용 3kg, 5kg",소과,5.0,1,24000.0,13300.0,10700,0.44583333333333336,0,4800.0
YMM251015-00000121,SMF28240458,과즙폭발 꿀당도 보장 감귤 [유라실생],소과,2.5,1,24900.0,24900.0,0,0.0,0,9960.0
YMM251015-00000122,SMF28240458,과즙폭발 꿀당도 보장 감귤 [유라실생],소과,2.5,1,24900.0,24900.0,0,0.0,0,9960.0
YMM251015-00000123,SMF28240458,과즙폭발 꿀당도 보장 감귤 [유라실생],소과,5.0,1,34900.0,34900.0,0,0.0,0,6980.0
YMM251015-00000124,SMF28240458,과즙폭발 꿀당도 보장 감귤 [유라실생],소과,5.0,1,34900.0,34900.0,0,0.0,0,6980.0
YMM251015-00000125,SMF28240458,과즙폭발 꿀당도 보장 감귤 [유라실생],소과,5.0,1,34900.0,34900.0,0,0.0,0,6980.0
YMM251015-00000127,SMF28240458,과즙폭발 꿀당도 보장 감귤 [유라실생],소과,2.5,1,24900.0,24900.0,0,0.0,0,9960.0
YMM251015-00000128,SMF28240458,과즙폭발 꿀당도 보장 감귤 [유라실생],소과,5.0,1,34900.0,34900.0,0,0.0,0,6980.0
YMM251015-00000129,SMF28240458,과즙폭발 꿀당도 보장 감귤 [유라실생],소과,5.0,1,34900.0,34900.0,0,0.0,0,6980.0
YMM251015-00000130,SMF87846210,"2025 첫수확 노지감귤 가정용 3kg, 5kg",로얄과,3.0,1,17000.0,8800.0,8200,0.4823529411764706,0,5666.666666666667
YMM251015-00000131,SMF28240458,과즙폭발 꿀당도 보장 감귤 [유라실생],소과,5.0,1,34900.0,34900.0,0,0.0,0,6980.0
YMM251015-00000132,SMF28240458,과즙폭발 꿀당도 보장 감귤 [유라실생],소과,5.0,1,34900.0,34900.0,0,0.0,0,6980.0
YMM251015-00000133,SMF28240458,과즙폭발 꿀당도 보장 감귤 [유라실생],소과,5.0,1,34900.0,34900.0,0,0.0,0,6980.0
YMM251015-00000134,SMF28240458,과즙폭발 꿀당도 보장 감귤 [유라실생],소과,2.5,1,24900.0,24900.0,0,0.0,0,9960.0
YMM251015-00000135,SMF87846210,"2025 첫수확 노지감귤 가정용 3kg, 5kg",소과,3.0,1,17000.0,8800.0,8200,0.4823529411764706,0,5666.666666666667
YMM251015-00000136,SMF87846210,"2025 첫수확 노지감귤 가정용 3kg, 5kg",소과,3.0,1,17000.0,8800.0,8200,0.4823529411764706,0,5666.666666666667
YMM251015-00000137,SMF87846210,"2025 첫수확 노지감귤 가정용 3kg, 5kg",소과,3.0,1,17000.0,8800.0,8200,0.4823529411764706,0,5666.666666666667
YMM251015-00000141,SMF28240458,과즙폭발 꿀당도 보장 감귤 [유라실생],소과,5.0,1,34900.0,34900.0,0,0.0,0,6980.0
YMM251015-00000142,SMF28240458,과즙폭발 꿀당도 보장 감귤 [유라실생],소과,5.0,1,34900.0,34900.0,0,0.0,0,6980.0
YMM251015-00000143,SMF87846210,"2025 첫수확 노지감귤 가정용 3kg, 5kg",소과,3.0,1,17000.0,8800.0,8200,0.4823529411764706,0,5666.666666666667
YMM251015-00000147,SMF28240458,과즙폭발 꿀당도 보장 감귤 [유라실생],소과,2.5,1,24900.0,24900.0,0,0.0,0,9960.0
YMM251015-00000148,SMF28240458,과즙폭발 꿀당도 보장 감귤 [유라실생],소과,2.5,1,24900.0,24900.0,0,0.0,0,9960.0
YMM251015-00000150,SMF28240458,과즙폭발 꿀당도 보장 감귤 [유라실생],소과,5.0,1,34900.0,34900.0,0,0.0,0,6980.0
YMM251015-00000151,SMF28240458,과즙폭발 꿀당도 보장 감귤 [유라실생],소과,2.5,1,24900.0,24900.0,0,0.0,0,9960.0
YMM251015-00000152,SMF28240458,과즙폭발 꿀당도 보장 감귤 [유라실생],소과,5.0,1,34900.0,34900.0,0,0.0,0,6980.0
YMM251015-00000153,SMF28240458,과즙폭발 꿀당도 보장 감귤 [유라실생],소과,5.0,1,34900.0,34900.0,0,0.0,0,6980.0
YMM251015-00000154,SMF87846210,"2025 첫수확 노지감귤 가정용 3kg, 5kg",소과,5.0,1,24000.0,13300.0,10700,0.44583333333333336,0,4800.0
YMM251015-00000155,SMF87846210,"2025 첫수확 노지감귤 가정용 3kg, 5kg",로얄과,5.0,1,24000.0,13300.0,10700,0.44583333333333336,0,4800.0
YMM251015-00000156,SMF28240458,과즙폭발 꿀당도 보장 감귤 [유라실생],소과,2.5,1,24900.0,24900.0,0,0.0,0,9960.0
YMM251015-00000157,SMF87846210,"2025 첫수확 노지감귤 가정용 3kg, 5kg",로얄과,5.0,1,24000.0,13300.0,10700,0.44583333333333336,0,4800.0
YMM251015-00000158,SMF28240458,과즙폭발 꿀당도 보장 감귤 [유라실생],소과,2.5,1,24900.0,24900.0,0,0.0,0,9960.0
YMM251015-00000159,SMF28240458,과즙폭발 꿀당도 보장 감귤 [유라실생],소과,2.5,1,24900.0,24900.0,0,0.0,0,9960.0
YMM251015-00000160,SMF87846210,"2025 첫수확 노지감귤 가정용 3kg, 5kg",소과,5.0,1,24000.0,13300.0,10700,0.44583333333333336,0,4800.0
YMM251015-00000161,SMF28240458,과즙폭발 꿀당도 보장 감귤 [유라실생],소과,5.0,1,34900.0,34900.0,0,0.0,0,6980.0
YMM251015-00000162,SMF28240458,과즙폭발 꿀당도 보장 감귤 [유라실생],소과,5.0,1,34900.0,34900.0,0,0.0,0,6980.0
YMM251015-00000163,SMF28240458,과즙폭발 꿀당도 보장 감귤 [유라실생],소과,5.0,1,34900.0,34900.0,0,0.0,0,6980.0
YMM251015-00000164,SMF28240458,과즙폭발 꿀당도 보장 감귤 [유라실생],소과,5.0,1,34900.0,34900.0,0,0.0,0,6980.0
YMM251015-00000165,SMF87846210,"2025 첫수확 노지감귤 가정용 3kg, 5kg",로얄과,3.0,1,17000.0,8800.0,8200,0.4823529411764706,0,5666.666666666667
YMM251015-00000166,SMF28240458,과즙폭발 꿀당도 보장 감귤 [유라실생],소과,2.5,1,24900.0,24900.0,0,0.0,0,9960.0
YMM251015-00000167,SMF87846210,"2025 첫수확 노지감귤 가정용 3kg, 5kg",로얄과,3.0,1,17000.0,8800.0,8200,0.4823529411764706,0,5666.666666666667
YMM251015-00000168,SMF87846210,"2025 첫수확 노지감귤 가정용 3kg, 5kg",로얄과,10.0,1,35000.0,23000.0,12000,0.34285714285714286,0,3500.0
YMM251015-00000169,SMF87846210,"2025 첫수확 노지감귤 가정용 3kg, 5kg",로얄과,3.0,1,17000.0,8800.0,8200,0.4823529411764706,0,5666.666666666667
YMM251015-00000170,SMF29718566,제주 산지직송 황금향 선물세트 가정용,소과,3.0,2,32000.0,15800.0,32400,0.50625,0,21333.333333333332
YMM251015-00000171,SMF28240458,과즙폭발 꿀당도 보장 감귤 [유라실생],소과,2.5,1,24900.0,24900.0,0,0.0,0,9960.0
YMM251015-00000172,SMF28240458,과즙폭발 꿀당도 보장 감귤 [유라실생],소과,2.5,1,24900.0,24900.0,0,0.0,0,9960.0
YMM251015-00000173,SMF28240458,과즙폭발 꿀당도 보장 감귤 [유라실생],소과,2.5,1,24900.0,24900.0,0,0.0,0,9960.0
YMM251015-00000174,SMF87846210,"2025 첫수확 노지감귤 가정용 3kg, 5kg",로얄과,5.0,1,24000.0,13300.0,10700,0.44583333333333336,0,4800.0
YMM251015-00000175,SMF87846210,"2025 첫수확 노지감귤 가정용 3kg, 5kg",소과,5.0,1,24000.0,13300.0,10700,0.44583333333333336,0,4800.0
YMM251015-00000176,SMF87846210,"2025 첫수확 노지감귤 가정용 3kg, 5kg",소과,10.0,1,35000.0,23000.0,12000,0.34285714285714286,0,3500.0
YMM251015-00000177,SMF28240458,과즙폭발 꿀당도 보장 감귤 [유라실생],소과,2.5,1,24900.0,24900.0,0,0.0,0,9960.0
YMM251015-00000178,SMF87846210,"2025 첫수확 노지감귤 가정용 3kg, 5kg",로얄과,10.0,2,35000.0,23000.0,24000,0.34285714285714286,0,7000.0
YMM251015-00000179,SMF28240458,과즙폭발 꿀당도 보장 감귤 [유라실생],소과,5.0,1,34900.0,34900.0,0,0.0,0,6980.0
YMM251015-00000180,SMF87846210,"2025 첫수확 노지감귤 가정용 3kg, 5kg",로얄과,5.0,1,24000.0,13300.0,10700,0.44583333333333336,0,4800.0
YMM251015-00000181,SMF28240458,과즙폭발 꿀당도 보장 감귤 [유라실생],소과,5.0,1,34900.0,34900.0,0,0.0,0,6980.0
YMM251015-00000182,SMF28240458,과즙폭발 꿀당도 보장 감귤 [유라실생],소과,2.5,1,24900.0,24900.0,0,0.0,0,9960.0
YMM251015-00000183,SMF87846210,"2025 첫수확 노지감귤 가정용 3kg, 5kg",소과,5.0,1,24000.0,13300.0,10700,0.44583333333333336,0,4800.0
YMM251015-00000184,SMF87846210,"2025 첫수확 노지감귤 가정용 3kg, 5kg",로얄과,10.0,1,35000.0,23000.0,12000,0.34285714285714286,0,3500.0
YMM251016-00000001,SMF28240458,과즙폭발 꿀당도 보장 감귤 [유라실생],소과,5.0,2,34900.0,34900.0,0,0.0,0,13960.0
YMM251016-00000002,SMF28240458,과즙폭발 꿀당도 보장 감귤 [유라실생],소과,2.5,1,24900.0,24900.0,0,0.0,0,9960.0
YMM251016-00000003,SMF87846210,"2025 첫수확 노지감귤 가정용 3kg, 5kg",로얄과,5.0,1,24000.0,13300.0,10700,0.44583333333333336,0,4800.0
YMM251016-00000004,SMF28240458,과즙폭발 꿀당도 보장 감귤 [유라실생],소과,5.0,1,34900.0,34900.0,0,0.0,0,6980.0
YMM251016-00000010,SMF28240458,과즙폭발 꿀당도 보장 감귤 [유라실생],소과,5.0,1,34900.0,34900.0,0,0.0,0,6980.0
YMM251016-00000011,SMF28240458,과즙폭발 꿀당도 보장 감귤 [유라실생],소과,2.5,1,24900.0,24900.0,0,0.0,0,9960.0
YMM251016-00000012,SMF87846210,"2025 첫수확 노지감귤 가정용 3kg, 5kg",소과,5.0,5,24000.0,13300.0,53500,0.44583333333333336,0,24000.0
YMM251016-00000013,SMF28240458,과즙폭발 꿀당도 보장 감귤 [유라실생],소과,5.0,1,34900.0,34900.0,0,0.0,0,6980.0
YMM251016-00000014,SMF28240458,과즙폭발 꿀당도 보장 감귤 [유라실생],소과,5.0,1,34900.0,34900.0,0,0.0,0,6980.0
YMM251016-00000015,SMF28240458,과즙폭발 꿀당도 보장 감귤 [유라실생],소과,5.0,1,34900.0,34900.0,0,0.0,0,6980.0
YMM251016-00000016,SMF28240458,과즙폭발 꿀당도 보장 감귤 [유라실생],소과,2.5,1,24900.0,24900.0,0,0.0,0,9960.0
YMM251016-00000017,SMF87846210,"2025 첫수확 노지감귤 가정용 3kg, 5kg",로얄과,5.0,1,24000.0,13300.0,10700,0.44583333333333336,0,4800.0
YMM251016-00000018,SMF28240458,과즙폭발 꿀당도 보장 감귤 [유라실생],소과,5.0,2,34900.0,34900.0,0,0.0,0,13960.0
YMM251016-00000019,SMF28240458,과즙폭발 꿀당도 보장 감귤 [유라실생],소과,5.0,5,34900.0,34900.0,0,0.0,0,34900.0
YMM251016-00000020,SMF35967612,초고당도 감귤 신품종[유라실생] 4.5kg(실중량4kg),소과,4.5,1,35000.0,25000.0,10000,0.2857142857142857,0,7777.777777777777
YMM251016-00000021,SMF28240458,과즙폭발 꿀당도 보장 감귤 [유라실생],소과,2.5,1,24900.0,24900.0,0,0.0,0,9960.0
YMM251016-00000023,SMF28240458,과즙폭발 꿀당도 보장 감귤 [유라실생],소과,2.5,1,24900.0,24900.0,0,0.0,0,9960.0
YMM251016-00000024,SMF28240458,과즙폭발 꿀당도 보장 감귤 [유라실생],소과,5.0,1,34900.0,34900.0,0,0.0,0,6980.0
YMM251016-00000026,SMF28240458,과즙폭발 꿀당도 보장 감귤 [유라실생],소과,2.5,1,24900.0,24900.0,0,0.0,0,9960.0
YMM251016-00000027,SMF28240458,과즙폭발 꿀당도 보장 감귤 [유라실생],소과,5.0,1,34900.0,34900.0,0,0.0,0,6980.0
YMM251016-00000028,SMF87846210,"2025 첫수확 노지감귤 가정용 3kg, 5kg",소과,10.0,1,35000.0,23000.0,12000,0.34285714285714286,0,3500.0
YMM251016-00000029,SMF87846210,"2025 첫수확 노지감귤 가정용 3kg, 5kg",소과,5.0,1,24000.0,13300.0,10700,0.44583333333333336,0,4800.0
YMM251016-00000030,SMF28240458,과즙폭발 꿀당도 보장 감귤 [유라실생],소과,2.5,1,24900.0,24900.0,0,0.0,0,9960.0
YMM251016-00000034,SMF28240458,과즙폭발 꿀당도 보장 감귤 [유라실생],소과,5.0,1,34900.0,34900.0,0,0.0,0,6980.0
YMM251016-00000035,SMF28240458,과즙폭발 꿀당도 보장 감귤 [유라실생],소과,5.0,1,34900.0,34900.0,0,0.0,0,6980.0
YMM251016-00000036,SMF28240458,과즙폭발 꿀당도 보장 감귤 [유라실생],소과,5.0,1,34900.0,34900.0,0,0.0,0,6980.0
YMM251016-00000037,SMF28240458,과즙폭발 꿀당도 보장 감귤 [유라실생],소과,5.0,1,34900.0,34900.0,0,0.0,0,6980.0
YMM251016-00000038,SMF28240458,과즙폭발 꿀당도 보장 감귤 [유라실생],소과,2.5,1,24900.0,24900.0,0,0.0,0,9960.0
YMM251016-00000039,SMF28240458,과즙폭발 꿀당도 보장 감귤 [유라실생],소과,5.0,1,34900.0,34900.0,0,0.0,0,6980.0
YMM251016-00000040,SMF28240458,과즙폭발 꿀당도 보장 감귤 [유라실생],소과,2.5,1,24900.0,24900.0,0,0.0,0,9960.0
YMM251016-00000041,SMF87846210,"2025 첫수확 노지감귤 가정용 3kg, 5kg",소과,10.0,1,35000.0,23000.0,12000,0.34285714285714286,0,3500.0
YMM251016-00000042,SMF28240458,과즙폭발 꿀당도 보장 감귤 [유라실생],소과,5.0,1,34900.0,34900.0,0,0.0,0,6980.0
YMM251016-00000043,SMF28240458,과즙폭발 꿀당도 보장 감귤 [유라실생],소과,2.5,1,24900.0,24900.0,0,0.0,0,9960.0
YMM251016-00000044,SMF28240458,과즙폭발 꿀당도 보장 감귤 [유라실생],소과,2.5,1,24900.0,24900.0,0,0.0,0,9960.0
YMM251016-00000045,SMF28240458,과즙폭발 꿀당도 보장 감귤 [유라실생],소과,5.0,1,34900.0,34900.0,0,0.0,0,6980.0
YMM251016-00000046,SMF28240458,과즙폭발 꿀당도 보장 감귤 [유라실생],소과,2.5,1,24900.0,24900.0,0,0.0,0,9960.0
YMM251016-00000047,SMF28240458,과즙폭발 꿀당도 보장 감귤 [유라실생],소과,5.0,1,34900.0,34900.0,0,0.0,0,6980.0
YMM251016-00000049,SMF87846210,"2025 첫수확 노지감귤 가정용 3kg, 5kg",소과,5.0,1,24000.0,13300.0,10700,0.44583333333333336,0,4800.0
YMM251016-00000050,SMF28240458,과즙폭발 꿀당도 보장 감귤 [유라실생],소과,5.0,1,34900.0,34900.0,0,0.0,0,6980.0
YMM251016-00000051,SMF28240458,과즙폭발 꿀당도 보장 감귤 [유라실생],소과,5.0,1,34900.0,34900.0,0,0.0,0,6980.0
YMM251016-00000053,SMF28240458,과즙폭발 꿀당도 보장 감귤 [유라실생],소과,2.5,1,24900.0,24900.0,0,0.0,0,9960.0
YMM251016-00000055,SMF28240458,과즙폭발 꿀당도 보장 감귤 [유라실생],소과,2.5,1,24900.0,24900.0,0,0.0,0,9960.0
YMM251016-00000056,SMF87846210,"2025 첫수확 노지감귤 가정용 3kg, 5kg",로얄과,3.0,1,17000.0,8800.0,8200,0.4823529411764706,0,5666.666666666667
YMM251016-00000060,SMF28240458,과즙폭발 꿀당도 보장 감귤 [유라실생],소과,2.5,1,24900.0,24900.0,0,0.0,0,9960.0
YMM251016-00000061,SMF28240458,과즙폭발 꿀당도 보장 감귤 [유라실생],소과,2.5,1,24900.0,24900.0,0,0.0,0,9960.0
YMM251016-00000063,SMF28240458,과즙폭발 꿀당도 보장 감귤 [유라실생],소과,2.5,1,24900.0,24900.0,0,0.0,0,9960.0
YMM251016-00000064,SMF28240458,과즙폭발 꿀당도 보장 감귤 [유라실생],소과,2.5,1,24900.0,24900.0,0,0.0,0,9960.0
YMM251016-00000065,SMF28240458,과즙폭발 꿀당도 보장 감귤 [유라실생],소과,5.0,1,34900.0,34900.0,0,0.0,0,6980.0
YMM251016-00000066,SMF28240458,과즙폭발 꿀당도 보장 감귤 [유라실생],소과,5.0,1,34900.0,34900.0,0,0.0,0,6980.0
YMM251016-00000067,SMF87846210,"2025 첫수확 노지감귤 가정용 3kg, 5kg",로얄과,10.0,3,35000.0,23000.0,36000,0.34285714285714286,0,10500.0
YMM251016-00000068,SMF28240458,과즙폭발 꿀당도 보장 감귤 [유라실생],소과,5.0,1,34900.0,34900.0,0,0.0,0,6980.0
YMM251016-00000069,SMF87846210,"2025 첫수확 노지감귤 가정용 3kg, 5kg",로얄과,10.0,2,35000.0,23000.0,24000,0.34285714285714286,0,7000.0
YMM251016-00000070,SMF87846210,"2025 첫수확 노지감귤 가정용 3kg, 5kg",로얄과,10.0,2,35000.0,23000.0,24000,0.34285714285714286,0,7000.0
YMM251016-00000071,SMF28240458,과즙폭발 꿀당도 보장 감귤 [유라실생],소과,5.0,1,34900.0,34900.0,0,0.0,0,6980.0
YMM251016-00000072,SMF28240458,과즙폭발 꿀당도 보장 감귤 [유라실생],소과,2.5,1,24900.0,24900.0,0,0.0,0,9960.0
YMM251016-00000073,SMF28240458,과즙폭발 꿀당도 보장 감귤 [유라실생],소과,2.5,1,24900.0,24900.0,0,0.0,0,9960.0
YMM251016-00000074,SMF28240458,과즙폭발 꿀당도 보장 감귤 [유라실생],소과,5.0,1,34900.0,34900.0,0,0.0,0,6980.0
YMM251016-00000075,SMF28240458,과즙폭발 꿀당도 보장 감귤 [유라실생],소과,5.0,1,34900.0,34900.0,0,0.0,0,6980.0
YMM251016-00000076,SMF28240458,과즙폭발 꿀당도 보장 감귤 [유라실생],소과,5.0,1,34900.0,34900.0,0,0.0,0,6980.0
YMM251016-00000077,SMF28240458,과즙폭발 꿀당도 보장 감귤 [유라실생],소과,5.0,1,34900.0,34900.0,0,0.0,0,6980.0
YMM251016-00000078,SMF28240458,과즙폭발 꿀당도 보장 감귤 [유라실생],소과,5.0,1,34900.0,34900.0,0,0.0,0,6980.0
YMM251016-00000079,SMF28240458,과즙폭발 꿀당도 보장 감귤 [유라실생],소과,5.0,2,34900.0,34900.0,0,0.0,0,13960.0
YMM251016-00000080,SMF28240458,과즙폭발 꿀당도 보장 감귤 [유라실생],소과,5.0,1,34900.0,34900.0,0,0.0,0,6980.0
YMM251016-00000081,SMF28240458,과즙폭발 꿀당도 보장 감귤 [유라실생],소과,5.0,1,34900.0,34900.0,0,0.0,0,6980.0
YMM251016-00000082,SMF28240458,과즙폭발 꿀당도 보장 감귤 [유라실생],소과,5.0,1,34900.0,34900.0,0,0.0,0,6980.0
YMM251016-00000083,SMF28240458,과즙폭발 꿀당도 보장 감귤 [유라실생],소과,5.0,1,34900.0,34900.0,0,0.0,0,6980.0
YMM251016-00000084,SMF28240458,과즙폭발 꿀당도 보장 감귤 [유라실생],소과,5.0,1,34900.0,34900.0,0,0.0,0,6980.0
YMM251016-00000085,SMF28240458,과즙폭발 꿀당도 보장 감귤 [유라실생],소과,2.5,1,24900.0,24900.0,0,0.0,0,9960.0
YMM251016-00000086,SMF28240458,과즙폭발 꿀당도 보장 감귤 [유라실생],소과,2.5,1,24900.0,24900.0,0,0.0,0,9960.0
YMM251016-00000087,SMF28240458,과즙폭발 꿀당도 보장 감귤 [유라실생],소과,5.0,1,34900.0,34900.0,0,0.0,0,6980.0
YMM251016-00000089,SMF28240458,과즙폭발 꿀당도 보장 감귤 [유라실생],소과,2.5,1,24900.0,24900.0,0,0.0,0,9960.0
YMM251016-00000092,SMF28240458,과즙폭발 꿀당도 보장 감귤 [유라실생],소과,2.5,1,24900.0,24900.0,0,0.0,0,9960.0
YMM251016-00000093,SMF28240458,과즙폭발 꿀당도 보장 감귤 [유라실생],소과,2.5,1,24900.0,24900.0,0,0.0,0,9960.0
YMM251016-00000094,SMF29718566,제주 산지직송 황금향 선물세트 가정용,소과,3.0,1,32000.0,15800.0,16200,0.50625,0,10666.666666666666
YMM251016-00000095,SMF28240458,과즙폭발 꿀당도 보장 감귤 [유라실생],소과,2.5,1,24900.0,24900.0,0,0.0,0,9960.0
YMM251016-00000096,SMF28240458,과즙폭발 꿀당도 보장 감귤 [유라실생],소과,2.5,1,24900.0,24900.0,0,0.0,0,9960.0
YMM251016-00000097,SMF28240458,과즙폭발 꿀당도 보장 감귤 [유라실생],소과,2.5,1,24900.0,24900.0,0,0.0,0,9960.0
YMM251016-00000098,SMF87846210,"2025 첫수확 노지감귤 가정용 3kg, 5kg",소과,3.0,1,17000.0,8800.0,8200,0.4823529411764706,0,5666.666666666667
YMM251016-00000099,SMF28240458,과즙폭발 꿀당도 보장 감귤 [유라실생],소과,5.0,1,34900.0,34900.0,0,0.0,0,6980.0
YMM251016-00000100,SMF28240458,과즙폭발 꿀당도 보장 감귤 [유라실생],소과,2.5,1,24900.0,24900.0,0,0.0,0,9960.0
YMM251016-00000102,SMF28240458,과즙폭발 꿀당도 보장 감귤 [유라실생],소과,2.5,1,24900.0,24900.0,0,0.0,0,9960.0
YMM251016-00000103,SMF97813435,과즙폭발 꿀당도 보장 고당도 감귤 2kg + 황금향 2kg,소과,2.0,1,33000.0,23000.0,10000,0.30303030303030304,0,16500.0
YMM251016-00000105,SMF97813435,과즙폭발 꿀당도 보장 고당도 감귤 2kg + 황금향 2kg,소과,2.0,1,33000.0,23000.0,10000,0.30303030303030304,0,16500.0
YMM251016-00000106,SMF97813435,과즙폭발 꿀당도 보장 고당도 감귤 2kg + 황금향 2kg,소과,4.0,1,35000.0,25000.0,10000,0.2857142857142857,0,8750.0
YMM251016-00000107,SMF97813435,과즙폭발 꿀당도 보장 고당도 감귤 2kg + 황금향 2kg,소과,2.0,1,33000.0,23000.0,10000,0.30303030303030304,0,16500.0
YMM251016-00000108,SMF97813435,과즙폭발 꿀당도 보장 고당도 감귤 2kg + 황금향 2kg,소과,4.0,1,35000.0,25000.0,10000,0.2857142857142857,0,8750.0
YMM251016-00000109,SMF97813435,과즙폭발 꿀당도 보장 고당도 감귤 2kg + 황금향 2kg,소과,4.0,1,35000.0,25000.0,10000,0.2857142857142857,0,8750.0
YMM251016-00000111,SMF97813435,과즙폭발 꿀당도 보장 고당도 감귤 2kg + 황금향 2kg,소과,4.0,2,34000.0,24000.0,20000,0.29411764705882354,0,17000.0
YMM251016-00000112,SMF97813435,과즙폭발 꿀당도 보장 고당도 감귤 2kg + 황금향 2kg,소과,4.0,1,35000.0,25000.0,10000,0.2857142857142857,0,8750.0
YMM251016-00000114,SMF97813435,과즙폭발 꿀당도 보장 고당도 감귤 2kg + 황금향 2kg,소과,6.0,1,51000.0,40000.0,11000,0.21568627450980393,0,8500.0
YMM251016-00000115,SMF28240458,과즙폭발 꿀당도 보장 감귤 [유라실생],소과,2.5,1,24900.0,24900.0,0,0.0,0,9960.0
YMM251016-00000116,SMF97813435,과즙폭발 꿀당도 보장 고당도 감귤 2kg + 황금향 2kg,소과,4.0,1,35000.0,25000.0,10000,0.2857142857142857,0,8750.0
YMM251016-00000117,SMF97813435,과즙폭발 꿀당도 보장 고당도 감귤 2kg + 황금향 2kg,소과,4.0,1,35000.0,25000.0,10000,0.2857142857142857,0,8750.0
YMM251016-00000118,SMF97813435,과즙폭발 꿀당도 보장 고당도 감귤 2kg + 황금향 2kg,소과,2.0,2,42000.0,31500.0,21000,0.25,0,42000.0
YMM251016-00000119,SMF97813435,과즙폭발 꿀당도 보장 고당도 감귤 2kg + 황금향 2kg,소과,4.0,1,35000.0,25000.0,10000,0.2857142857142857,0,8750.0
YMM251016-00000120,SMF97813435,과즙폭발 꿀당도 보장 고당도 감귤 2kg + 황금향 2kg,소과,4.0,1,35000.0,25000.0,10000,0.2857142857142857,0,8750.0
YMM251016-00000121,SMF29718566,제주 산지직송 황금향 선물세트 가정용,소과,3.0,1,32000.0,15800.0,16200,0.50625,0,10666.666666666666
YMM251016-00000122,SMF28240458,과즙폭발 꿀당도 보장 감귤 [유라실생],소과,2.5,1,24900.0,24900.0,0,0.0,0,9960.0
YMM251016-00000123,SMF97813435,과즙폭발 꿀당도 보장 고당도 감귤 2kg + 황금향 2kg,소과,6.0,1,51000.0,40000.0,11000,0.21568627450980393,0,8500.0
YMM251016-00000124,SMF97813435,과즙폭발 꿀당도 보장 고당도 감귤 2kg + 황금향 2kg,소과,4.0,2,34000.0,24000.0,20000,0.29411764705882354,0,17000.0
YMM251016-00000125,SMF28240458,과즙폭발 꿀당도 보장 감귤 [유라실생],소과,2.5,1,24900.0,24900.0,0,0.0,0,9960.0
YMM251016-00000126,SMF28240458,과즙폭발 꿀당도 보장 감귤 [유라실생],소과,2.5,1,24900.0,24900.0,0,0.0,0,9960.0
YMM251016-00000127,SMF28240458,과즙폭발 꿀당도 보장 감귤 [유라실생],소과,5.0,1,34900.0,34900.0,0,0.0,0,6980.0
YMM251016-00000128,SMF29718566,제주 산지직송 황금향 선물세트 가정용,소과,5.0,1,42000.0,25000.0,17000,0.40476190476190477,0,8400.0
YMM251016-00000129,SMF97813435,과즙폭발 꿀당도 보장 고당도 감귤 2kg + 황금향 2kg,소과,4.0,1,35000.0,25000.0,10000,0.2857142857142857,0,8750.0
YMM251016-00000130,SMF87846210,"2025 첫수확 노지감귤 가정용 3kg, 5kg",소과,5.0,1,24000.0,13300.0,10700,0.44583333333333336,0,4800.0
YMM251016-00000131,SMF28240458,과즙폭발 꿀당도 보장 감귤 [유라실생],소과,2.5,1,24900.0,24900.0,0,0.0,0,9960.0
YMM251016-00000132,SMF97813435,과즙폭발 꿀당도 보장 고당도 감귤 2kg + 황금향 2kg,소과,2.0,1,33000.0,23000.0,10000,0.30303030303030304,0,16500.0
YMM251016-00000133,SMF28240458,과즙폭발 꿀당도 보장 감귤 [유라실생],소과,2.5,1,24900.0,24900.0,0,0.0,0,9960.0
YMM251016-00000134,SMF97813435,과즙폭발 꿀당도 보장 고당도 감귤 2kg + 황금향 2kg,소과,6.0,1,51000.0,40000.0,11000,0.21568627450980393,0,8500.0
YMM251016-00000135,SMF97813435,과즙폭발 꿀당도 보장 고당도 감귤 2kg + 황금향 2kg,소과,2.0,1,33000.0,23000.0,10000,0.30303030303030304,0,16500.0
YMM251016-00000136,SMF28240458,과즙폭발 꿀당도 보장 감귤 [유라실생],소과,5.0,1,34900.0,34900.0,0,0.0,0,6980.0
YMM251016-00000137,SMF28240458,과즙폭발 꿀당도 보장 감귤 [유라실생],소과,5.0,1,34900.0,34900.0,0,0.0,0,6980.0
YMM251016-00000138,SMF28240458,과즙폭발 꿀당도 보장 감귤 [유라실생],소과,5.0,1,34900.0,34900.0,0,0.0,0,6980.0
YMM251016-00000140,SMF97813435,과즙폭발 꿀당도 보장 고당도 감귤 2kg + 황금향 2kg,소과,4.0,1,35000.0,25000.0,10000,0.2857142857142857,0,8750.0
YMM251016-00000141,SMF28240458,과즙폭발 꿀당도 보장 감귤 [유라실생],소과,5.0,1,34900.0,34900.0,0,0.0,0,6980.0
YMM251016-00000142,SMF28240458,과즙폭발 꿀당도 보장 감귤 [유라실생],소과,2.5,1,24900.0,24900.0,0,0.0,0,9960.0
YMM251016-00000143,SMF28240458,과즙폭발 꿀당도 보장 감귤 [유라실생],소과,2.5,1,24900.0,24900.0,0,0.0,0,9960.0
YMM251016-00000144,SMF28240458,과즙폭발 꿀당도 보장 감귤 [유라실생],소과,2.5,1,24900.0,24900.0,0,0.0,0,9960.0
YMM251016-00000145,SMF87846210,"2025 첫수확 노지감귤 가정용 3kg, 5kg",로얄과,3.0,1,17000.0,8800.0,8200,0.4823529411764706,0,5666.666666666667
YMM251016-00000146,SMF28240458,과즙폭발 꿀당도 보장 감귤 [유라실생],소과,5.0,1,34900.0,34900.0,0,0.0,0,6980.0
YMM251016-00000147,SMF28240458,과즙폭발 꿀당도 보장 감귤 [유라실생],소과,5.0,2,34900.0,34900.0,0,0.0,0,13960.0
YMM251016-00000148,SMF28240458,과즙폭발 꿀당도 보장 감귤 [유라실생],소과,2.5,1,24900.0,24900.0,0,0.0,0,9960.0
YMM251016-00000150,SMF29718566,제주 산지직송 황금향 선물세트 가정용,소과,5.0,1,42000.0,25000.0,17000,0.40476190476190477,0,8400.0
YMM251016-00000151,SMF28240458,과즙폭발 꿀당도 보장 감귤 [유라실생],소과,2.5,1,24900.0,24900.0,0,0.0,0,9960.0
YMM251016-00000152,SMF97813435,과즙폭발 꿀당도 보장 고당도 감귤 2kg + 황금향 2kg,소과,2.0,1,33000.0,23000.0,10000,0.30303030303030304,0,16500.0
YMM251016-00000153,SMF28240458,과즙폭발 꿀당도 보장 감귤 [유라실생],소과,2.5,1,24900.0,24900.0,0,0.0,0,9960.0
YMM251016-00000154,SMF28240458,과즙폭발 꿀당도 보장 감귤 [유라실생],소과,2.5,1,24900.0,24900.0,0,0.0,0,9960.0
YMM251016-00000155,SMF28240458,과즙폭발 꿀당도 보장 감귤 [유라실생],소과,5.0,1,34900.0,34900.0,0,0.0,0,6980.0
YMM251016-00000156,SMF28240458,과즙폭발 꿀당도 보장 감귤 [유라실생],소과,5.0,1,34900.0,34900.0,0,0.0,0,6980.0
YMM251016-00000157,SMF28240458,과즙폭발 꿀당도 보장 감귤 [유라실생],소과,5.0,1,34900.0,34900.0,0,0.0,0,6980.0
YMM251016-00000158,SMF28240458,과즙폭발 꿀당도 보장 감귤 [유라실생],소과,5.0,1,34900.0,34900.0,0,0.0,0,6980.0
YMM251016-00000159,SMF28240458,과즙폭발 꿀당도 보장 감귤 [유라실생],소과,5.0,1,34900.0,34900.0,0,0.0,0,6980.0
YMM251016-00000160,SMF97813435,과즙폭발 꿀당도 보장 고당도 감귤 2kg + 황금향 2kg,소과,2.0,1,33000.0,23000.0,10000,0.30303030303030304,0,16500.0
YMM251016-00000161,SMF97813435,과즙폭발 꿀당도 보장 고당도 감귤 2kg + 황금향 2kg,소과,4.0,1,35000.0,25000.0,10000,0.2857142857142857,0,8750.0
YMM251016-00000162,SMF28240458,과즙폭발 꿀당도 보장 감귤 [유라실생],소과,2.5,1,24900.0,24900.0,0,0.0,0,9960.0
YMM251016-00000163,SMF97813435,과즙폭발 꿀당도 보장 고당도 감귤 2kg + 황금향 2kg,소과,4.0,1,35000.0,25000.0,10000,0.2857142857142857,0,8750.0
YMM251016-00000164,SMF28240458,과즙폭발 꿀당도 보장 감귤 [유라실생],소과,5.0,1,34900.0,34900.0,0,0.0,0,6980.0
YMM251016-00000165,SMF97813435,과즙폭발 꿀당도 보장 고당도 감귤 2kg + 황금향 2kg,소과,2.0,1,33000.0,23000.0,10000,0.30303030303030304,0,16500.0
YMM251016-00000167,SMF28240458,과즙폭발 꿀당도 보장 감귤 [유라실생],소과,5.0,1,34900.0,34900.0,0,0.0,0,6980.0
YMM251016-00000168,SMF28240458,과즙폭발 꿀당도 보장 감귤 [유라실생],소과,5.0,1,34900.0,34900.0,0,0.0,0,6980.0
YMM251016-00000169,SMF97813435,과즙폭발 꿀당도 보장 고당도 감귤 2kg + 황금향 2kg,소과,2.0,1,33000.0,23000.0,10000,0.30303030303030304,0,16500.0
YMM251016-00000170,SMF28240458,과즙폭발 꿀당도 보장 감귤 [유라실생],소과,5.0,1,34900.0,34900.0,0,0.0,0,6980.0
YMM251016-00000172,SMF28240458,과즙폭발 꿀당도 보장 감귤 [유라실생],소과,2.5,2,29900.0,29900.0,0,0.0,0,23920.0
YMM251016-00000173,SMF28240458,과즙폭발 꿀당도 보장 감귤 [유라실생],소과,5.0,1,34900.0,34900.0,0,0.0,0,6980.0
YMM251016-00000175,SMF28240458,과즙폭발 꿀당도 보장 감귤 [유라실생],소과,2.5,1,24900.0,24900.0,0,0.0,0,9960.0
YMM251016-00000176,SMF28240458,과즙폭발 꿀당도 보장 감귤 [유라실생],소과,2.5,1,24900.0,24900.0,0,0.0,0,9960.0
YMM251016-00000177,SMF28240458,과즙폭발 꿀당도 보장 감귤 [유라실생],소과,5.0,1,34900.0,34900.0,0,0.0,0,6980.0
YMM251016-00000179,SMF28240458,과즙폭발 꿀당도 보장 감귤 [유라실생],소과,5.0,1,34900.0,34900.0,0,0.0,0,6980.0
YMM251016-00000180,SMF97813435,과즙폭발 꿀당도 보장 고당도 감귤 2kg + 황금향 2kg,소과,2.0,1,33000.0,23000.0,10000,0.30303030303030304,0,16500.0
YMM251016-00000181,SMF28240458,과즙폭발 꿀당도 보장 감귤 [유라실생],소과,5.0,1,34900.0,34900.0,0,0.0,0,6980.0
YMM251016-00000182,SMF28240458,과즙폭발 꿀당도 보장 감귤 [유라실생],소과,5.0,1,34900.0,34900.0,0,0.0,0,6980.0
YMM251016-00000183,SMF28240458,과즙폭발 꿀당도 보장 감귤 [유라실생],소과,5.0,1,34900.0,34900.0,0,0.0,0,6980.0
YMM251016-00000184,SMF28240458,과즙폭발 꿀당도 보장 감귤 [유라실생],소과,5.0,1,34900.0,34900.0,0,0.0,0,6980.0
YMM251016-00000185,SMF28240458,과즙폭발 꿀당도 보장 감귤 [유라실생],소과,2.5,1,24900.0,24900.0,0,0.0,0,9960.0
YMM251016-00000186,SMF97813435,과즙폭발 꿀당도 보장 고당도 감귤 2kg + 황금향 2kg,소과,2.0,1,33000.0,23000.0,10000,0.30303030303030304,0,16500.0
YMM251016-00000187,SMF28240458,과즙폭발 꿀당도 보장 감귤 [유라실생],소과,5.0,1,34900.0,34900.0,0,0.0,0,6980.0
YMM251016-00000188,SMF28240458,과즙폭발 꿀당도 보장 감귤 [유라실생],소과,2.5,1,24900.0,24900.0,0,0.0,0,9960.0
YMM251016-00000190,SMF28240458,과즙폭발 꿀당도 보장 감귤 [유라실생],소과,5.0,1,34900.0,34900.0,0,0.0,0,6980.0
YMM251016-00000191,SMF97813435,과즙폭발 꿀당도 보장 고당도 감귤 2kg + 황금향 2kg,소과,4.0,1,35000.0,25000.0,10000,0.2857142857142857,0,8750.0
YMM251016-00000193,SMF28240458,과즙폭발 꿀당도 보장 감귤 [유라실생],소과,2.5,1,24900.0,24900.0,0,0.0,0,9960.0
YMM251016-00000194,SMF87846210,"2025 첫수확 노지감귤 가정용 3kg, 5kg",소과,5.0,1,24000.0,13300.0,10700,0.44583333333333336,0,4800.0
YMM251016-00000196,SMF97813435,과즙폭발 꿀당도 보장 고당도 감귤 2kg + 황금향 2kg,소과,6.0,1,51000.0,40000.0,11000,0.21568627450980393,0,8500.0
YMM251016-00000197,SMF28240458,과즙폭발 꿀당도 보장 감귤 [유라실생],소과,2.5,1,24900.0,24900.0,0,0.0,0,9960.0
YMM251016-00000198,SMF28240458,과즙폭발 꿀당도 보장 감귤 [유라실생],소과,2.5,1,24900.0,24900.0,0,0.0,0,9960.0
YMM251016-00000199,SMF97813435,과즙폭발 꿀당도 보장 고당도 감귤 2kg + 황금향 2kg,소과,4.0,1,35000.0,25000.0,10000,0.2857142857142857,0,8750.0
YMM251016-00000200,SMF97813435,과즙폭발 꿀당도 보장 고당도 감귤 2kg + 황금향 2kg,소과,4.0,1,35000.0,25000.0,10000,0.2857142857142857,0,8750.0
YMM251016-00000201,SMF28240458,과즙폭발 꿀당도 보장 감귤 [유라실생],소과,2.5,1,24900.0,24900.0,0,0.0,0,9960.0
YMM251016-00000202,SMF28240458,과즙폭발 꿀당도 보장 감귤 [유라실생],소과,2.5,1,24900.0,24900.0,0,0.0,0,9960.0
YMM251016-00000203,SMF97813435,과즙폭발 꿀당도 보장 고당도 감귤 2kg + 황금향 2kg,소과,4.0,1,35000.0,25000.0,10000,0.2857142857142857,0,8750.0
YMM251016-00000204,SMF97813435,과즙폭발 꿀당도 보장 고당도 감귤 2kg + 황금향 2kg,소과,6.0,1,51000.0,40000.0,11000,0.21568627450980393,0,8500.0
YMM251016-00000205,SMF28240458,과즙폭발 꿀당도 보장 감귤 [유라실생],소과,2.5,1,24900.0,24900.0,0,0.0,0,9960.0
YMM251016-00000206,SMF28240458,과즙폭발 꿀당도 보장 감귤 [유라실생],소과,5.0,1,34900.0,34900.0,0,0.0,0,6980.0
YMM251016-00000207,SMF28240458,과즙폭발 꿀당도 보장 감귤 [유라실생],소과,5.0,1,34900.0,34900.0,0,0.0,0,6980.0
YMM251016-00000208,SMF28240458,과즙폭발 꿀당도 보장 감귤 [유라실생],소과,5.0,1,34900.0,34900.0,0,0.0,0,6980.0
YMM251016-00000209,SMF28240458,과즙폭발 꿀당도 보장 감귤 [유라실생],소과,2.5,1,24900.0,24900.0,0,0.0,0,9960.0
YMM251016-00000210,SMF28240458,과즙폭발 꿀당도 보장 감귤 [유라실생],소과,2.5,1,24900.0,24900.0,0,0.0,0,9960.0
YMM251016-00000211,SMF28240458,과즙폭발 꿀당도 보장 감귤 [유라실생],소과,2.5,1,24900.0,24900.0,0,0.0,0,9960.0
YMM251016-00000212,SMF28240458,과즙폭발 꿀당도 보장 감귤 [유라실생],소과,5.0,1,34900.0,34900.0,0,0.0,0,6980.0
YMM251016-00000213,SMF28240458,과즙폭발 꿀당도 보장 감귤 [유라실생],소과,5.0,1,34900.0,34900.0,0,0.0,0,6980.0
YMM251016-00000214,SMF97813435,과즙폭발 꿀당도 보장 고당도 감귤 2kg + 황금향 2kg,소과,2.0,1,33000.0,23000.0,10000,0.30303030303030304,0,16500.0
YMM251016-00000215,SMF28240458,과즙폭발 꿀당도 보장 감귤 [유라실생],소과,2.5,1,24900.0,24900.0,0,0.0,0,9960.0
YMM251016-00000216,SMF28240458,과즙폭발 꿀당도 보장 감귤 [유라실생],소과,5.0,1,34900.0,34900.0,0,0.0,0,6980.0
YMM251016-00000217,SMF28240458,과즙폭발 꿀당도 보장 감귤 [유라실생],소과,2.5,1,24900.0,24900.0,0,0.0,0,9960.0
YMM251016-00000219,SMF28240458,과즙폭발 꿀당도 보장 감귤 [유라실생],소과,2.5,1,24900.0,24900.0,0,0.0,0,9960.0
YMM251016-00000220,SMF28240458,과즙폭발 꿀당도 보장 감귤 [유라실생],소과,2.5,1,24900.0,24900.0,0,0.0,0,9960.0
YMM251016-00000222,SMF28240458,과즙폭발 꿀당도 보장 감귤 [유라실생],소과,5.0,1,34900.0,34900.0,0,0.0,0,6980.0
YMM251016-00000223,SMF28240458,과즙폭발 꿀당도 보장 감귤 [유라실생],소과,2.5,1,24900.0,24900.0,0,0.0,0,9960.0
YMM251016-00000224,SMF28240458,과즙폭발 꿀당도 보장 감귤 [유라실생],소과,5.0,1,34900.0,34900.0,0,0.0,0,6980.0
YMM251016-00000225,SMF28240458,과즙폭발 꿀당도 보장 감귤 [유라실생],소과,5.0,1,34900.0,34900.0,0,0.0,0,6980.0
YMM251016-00000228,SMF28240458,과즙폭발 꿀당도 보장 감귤 [유라실생],소과,5.0,1,34900.0,34900.0,0,0.0,0,6980.0
YMM251016-00000231,SMF28240458,과즙폭발 꿀당도 보장 감귤 [유라실생],소과,5.0,1,34900.0,34900.0,0,0.0,0,6980.0
YMM251016-00000233,SMF97813435,과즙폭발 꿀당도 보장 고당도 감귤 2kg + 황금향 2kg,소과,2.0,2,33000.0,23000.0,20000,0.30303030303030304,0,33000.0
YMM251016-00000236,SMF87846210,"2025 첫수확 노지감귤 가정용 3kg, 5kg",소과,3.0,1,17000.0,8800.0,8200,0.4823529411764706,0,5666.666666666667
YMM251016-00000237,SMF28240458,과즙폭발 꿀당도 보장 감귤 [유라실생],소과,2.5,1,24900.0,24900.0,0,0.0,0,9960.0
YMM251016-00000238,SMF28240458,과즙폭발 꿀당도 보장 감귤 [유라실생],소과,2.5,1,24900.0,24900.0,0,0.0,0,9960.0
YMM251016-00000242,SMF28240458,과즙폭발 꿀당도 보장 감귤 [유라실생],소과,2.5,1,24900.0,24900.0,0,0.0,0,9960.0
YMM251016-00000244,SMF28240458,과즙폭발 꿀당도 보장 감귤 [유라실생],소과,2.5,1,24900.0,24900.0,0,0.0,0,9960.0
YMM251017-00000001,SMF28240458,과즙폭발 꿀당도 보장 감귤 [유라실생],소과,2.5,1,24900.0,24900.0,0,0.0,0,9960.0
YMM251017-00000002,SMF28240458,과즙폭발 꿀당도 보장 감귤 [유라실생],소과,2.5,1,24900.0,24900.0,0,0.0,0,9960.0
YMM251017-00000003,SMF28240458,과즙폭발 꿀당도 보장 감귤 [유라실생],소과,2.5,1,24900.0,24900.0,0,0.0,0,9960.0
YMM251017-00000004,SMF29718566,제주 산지직송 황금향 선물세트 가정용,중대과,2.5,3,39000.0,25000.0,42000,0.358974358974359,0,46800.0
YMM251017-00000005,SMF29718566,제주 산지직송 황금향 선물세트 가정용,중대과,2.5,3,39000.0,25000.0,42000,0.358974358974359,0,46800.0
YMM251017-00000006,SMF97813435,과즙폭발 꿀당도 보장 고당도 감귤 2kg + 황금향 2kg,소과,4.0,1,35000.0,25000.0,10000,0.2857142857142857,0,8750.0
YMM251017-00000007,SMF28240458,과즙폭발 꿀당도 보장 감귤 [유라실생],소과,5.0,1,34900.0,34900.0,0,0.0,0,6980.0
YMM251017-00000009,SMF97813435,과즙폭발 꿀당도 보장 고당도 감귤 2kg + 황금향 2kg,소과,2.0,1,33000.0,23000.0,10000,0.30303030303030304,0,16500.0
YMM251017-00000011,SMF97813435,과즙폭발 꿀당도 보장 고당도 감귤 2kg + 황금향 2kg,소과,4.0,1,35000.0,25000.0,10000,0.2857142857142857,0,8750.0
YMM251017-00000017,SMF97813435,과즙폭발 꿀당도 보장 고당도 감귤 2kg + 황금향 2kg,소과,2.0,1,33000.0,23000.0,10000,0.30303030303030304,0,16500.0
YMM251017-00000018,SMF28240458,과즙폭발 꿀당도 보장 감귤 [유라실생],소과,5.0,1,34900.0,34900.0,0,0.0,0,6980.0
YMM251017-00000019,SMF28240458,과즙폭발 꿀당도 보장 감귤 [유라실생],소과,2.5,1,24900.0,24900.0,0,0.0,0,9960.0
YMM251017-00000020,SMF97813435,과즙폭발 꿀당도 보장 고당도 감귤 2kg + 황금향 2kg,소과,6.0,1,51000.0,40000.0,11000,0.21568627450980393,0,8500.0
YMM251017-00000021,SMF28240458,과즙폭발 꿀당도 보장 감귤 [유라실생],소과,5.0,1,34900.0,34900.0,0,0.0,0,6980.0
YMM251017-00000022,SMF28240458,과즙폭발 꿀당도 보장 감귤 [유라실생],소과,5.0,1,34900.0,34900.0,0,0.0,0,6980.0
YMM251017-00000023,SMF97813435,과즙폭발 꿀당도 보장 고당도 감귤 2kg + 황금향 2kg,소과,4.0,1,35000.0,25000.0,10000,0.2857142857142857,0,8750.0
YMM251017-00000027,SMF28240458,과즙폭발 꿀당도 보장 감귤 [유라실생],소과,5.0,1,34900.0,34900.0,0,0.0,0,6980.0
YMM251017-00000028,SMF28240458,과즙폭발 꿀당도 보장 감귤 [유라실생],소과,2.5,1,24900.0,24900.0,0,0.0,0,9960.0
YMM251017-00000029,SMF87846210,"2025 첫수확 노지감귤 가정용 3kg, 5kg",소과,3.0,1,17000.0,8800.0,8200,0.4823529411764706,0,5666.666666666667
YMM251017-00000030,SMF87846210,"2025 첫수확 노지감귤 가정용 3kg, 5kg",로얄과,3.0,1,17000.0,8800.0,8200,0.4823529411764706,0,5666.666666666667
YMM251017-00000031,SMF28240458,과즙폭발 꿀당도 보장 감귤 [유라실생],소과,2.5,2,24900.0,24900.0,0,0.0,0,19920.0
YMM251017-00000032,SMF97813435,과즙폭발 꿀당도 보장 고당도 감귤 2kg + 황금향 2kg,소과,4.0,1,35000.0,25000.0,10000,0.2857142857142857,0,8750.0
YMM251017-00000033,SMF28240458,과즙폭발 꿀당도 보장 감귤 [유라실생],소과,5.0,1,34900.0,34900.0,0,0.0,0,6980.0
YMM251017-00000034,SMF97813435,과즙폭발 꿀당도 보장 고당도 감귤 2kg + 황금향 2kg,소과,4.0,1,35000.0,25000.0,10000,0.2857142857142857,0,8750.0
YMM251017-00000035,SMF28240458,과즙폭발 꿀당도 보장 감귤 [유라실생],소과,5.0,1,34900.0,34900.0,0,0.0,0,6980.0
YMM251017-00000036,SMF97813435,과즙폭발 꿀당도 보장 고당도 감귤 2kg + 황금향 2kg,소과,2.0,1,33000.0,23000.0,10000,0.30303030303030304,0,16500.0
YMM251017-00000037,SMF28240458,과즙폭발 꿀당도 보장 감귤 [유라실생],소과,2.5,1,24900.0,24900.0,0,0.0,0,9960.0
YMM251017-00000039,SMF97813435,과즙폭발 꿀당도 보장 고당도 감귤 2kg + 황금향 2kg,소과,4.0,1,35000.0,25000.0,10000,0.2857142857142857,0,8750.0
YMM251017-00000040,SMF28240458,과즙폭발 꿀당도 보장 감귤 [유라실생],소과,2.5,1,24900.0,24900.0,0,0.0,0,9960.0
YMM251017-00000041,SMF87846210,"2025 첫수확 노지감귤 가정용 3kg, 5kg",소과,5.0,1,24000.0,13300.0,10700,0.44583333333333336,0,4800.0
YMM251017-00000042,SMF97813435,과즙폭발 꿀당도 보장 고당도 감귤 2kg + 황금향 2kg,소과,2.0,1,33000.0,23000.0,10000,0.30303030303030304,0,16500.0
YMM251017-00000043,SMF87846210,"2025 첫수확 노지감귤 가정용 3kg, 5kg",소과,5.0,1,24000.0,13300.0,10700,0.44583333333333336,0,4800.0
YMM251017-00000044,SMF28240458,과즙폭발 꿀당도 보장 감귤 [유라실생],소과,5.0,1,34900.0,34900.0,0,0.0,0,6980.0
YMM251017-00000046,SMF28240458,과즙폭발 꿀당도 보장 감귤 [유라실생],소과,2.5,1,24900.0,24900.0,0,0.0,0,9960.0
YMM251017-00000047,SMF87846210,"2025 첫수확 노지감귤 가정용 3kg, 5kg",소과,5.0,1,24000.0,13300.0,10700,0.44583333333333336,0,4800.0
YMM251017-00000048,SMF87846210,"2025 첫수확 노지감귤 가정용 3kg, 5kg",소과,5.0,1,24000.0,13300.0,10700,0.44583333333333336,0,4800.0
YMM251017-00000049,SMF87846210,"2025 첫수확 노지감귤 가정용 3kg, 5kg",소과,5.0,1,24000.0,13300.0,10700,0.44583333333333336,0,4800.0
YMM251017-00000050,SMF28240458,과즙폭발 꿀당도 보장 감귤 [유라실생],소과,5.0,1,34900.0,34900.0,0,0.0,0,6980.0
YMM251017-00000051,SMF87846210,"2025 첫수확 노지감귤 가정용 3kg, 5kg",소과,5.0,1,24000.0,13300.0,10700,0.44583333333333336,0,4800.0
YMM251017-00000052,SMF28240458,과즙폭발 꿀당도 보장 감귤 [유라실생],소과,5.0,1,34900.0,34900.0,0,0.0,0,6980.0
YMM251017-00000054,SMF87846210,"2025 첫수확 노지감귤 가정용 3kg, 5kg",로얄과,3.0,1,17000.0,8800.0,8200,0.4823529411764706,0,5666.666666666667
YMM251017-00000055,SMF28240458,과즙폭발 꿀당도 보장 감귤 [유라실생],소과,2.5,1,24900.0,24900.0,0,0.0,0,9960.0
YMM251017-00000056,SMF28240458,과즙폭발 꿀당도 보장 감귤 [유라실생],소과,5.0,1,34900.0,34900.0,0,0.0,0,6980.0
YMM251017-00000057,SMF28240458,과즙폭발 꿀당도 보장 감귤 [유라실생],소과,5.0,1,34900.0,34900.0,0,0.0,0,6980.0
YMM251017-00000058,SMF28240458,과즙폭발 꿀당도 보장 감귤 [유라실생],소과,5.0,2,34900.0,34900.0,0,0.0,0,13960.0
YMM251017-00000059,SMF97813435,과즙폭발 꿀당도 보장 고당도 감귤 2kg + 황금향 2kg,소과,2.0,1,33000.0,23000.0,10000,0.30303030303030304,0,16500.0
YMM251017-00000060,SMF97813435,과즙폭발 꿀당도 보장 고당도 감귤 2kg + 황금향 2kg,소과,2.0,1,33000.0,23000.0,10000,0.30303030303030304,0,16500.0
YMM251017-00000061,SMF28240458,과즙폭발 꿀당도 보장 감귤 [유라실생],소과,2.5,1,24900.0,24900.0,0,0.0,0,9960.0
YMM251017-00000062,SMF28240458,과즙폭발 꿀당도 보장 감귤 [유라실생],소과,5.0,1,34900.0,34900.0,0,0.0,0,6980.0
YMM251017-00000063,SMF28240458,과즙폭발 꿀당도 보장 감귤 [유라실생],소과,5.0,1,34900.0,34900.0,0,0.0,0,6980.0
YMM251017-00000064,SMF28240458,과즙폭발 꿀당도 보장 감귤 [유라실생],소과,5.0,1,34900.0,34900.0,0,0.0,0,6980.0
YMM251017-00000065,SMF28240458,과즙폭발 꿀당도 보장 감귤 [유라실생],소과,2.5,1,24900.0,24900.0,0,0.0,0,9960.0
YMM251017-00000066,SMF28240458,과즙폭발 꿀당도 보장 감귤 [유라실생],소과,5.0,1,34900.0,34900.0,0,0.0,0,6980.0
YMM251017-00000068,SMF28240458,과즙폭발 꿀당도 보장 감귤 [유라실생],소과,5.0,1,34900.0,34900.0,0,0.0,0,6980.0
YMM251017-00000069,SMF28240458,과즙폭발 꿀당도 보장 감귤 [유라실생],소과,5.0,1,34900.0,34900.0,0,0.0,0,6980.0
YMM251017-00000070,SMF28240458,과즙폭발 꿀당도 보장 감귤 [유라실생],소과,2.5,1,24900.0,24900.0,0,0.0,0,9960.0
YMM251017-00000071,SMF28240458,과즙폭발 꿀당도 보장 감귤 [유라실생],소과,5.0,3,34900.0,34900.0,0,0.0,0,20940.0
YMM251017-00000072,SMF28240458,과즙폭발 꿀당도 보장 감귤 [유라실생],소과,5.0,1,34900.0,34900.0,0,0.0,0,6980.0
YMM251017-00000073,SMF87846210,"2025 첫수확 노지감귤 가정용 3kg, 5kg",소과,5.0,1,24000.0,13300.0,10700,0.44583333333333336,0,4800.0
YMM251017-00000074,SMF87846210,"2025 첫수확 노지감귤 가정용 3kg, 5kg",소과,5.0,1,24000.0,13300.0,10700,0.44583333333333336,0,4800.0
YMM251017-00000077,SMF87846210,"2025 첫수확 노지감귤 가정용 3kg, 5kg",소과,3.0,1,17000.0,8800.0,8200,0.4823529411764706,0,5666.666666666667
YMM251017-00000078,SMF28240458,과즙폭발 꿀당도 보장 감귤 [유라실생],소과,5.0,1,34900.0,34900.0,0,0.0,0,6980.0
YMM251017-00000079,SMF28240458,과즙폭발 꿀당도 보장 감귤 [유라실생],소과,2.5,1,24900.0,24900.0,0,0.0,0,9960.0
YMM251017-00000080,SMF28240458,과즙폭발 꿀당도 보장 감귤 [유라실생],소과,5.0,1,34900.0,34900.0,0,0.0,0,6980.0
YMM251017-00000081,SMF28240458,과즙폭발 꿀당도 보장 감귤 [유라실생],소과,5.0,1,34900.0,34900.0,0,0.0,0,6980.0
YMM251017-00000082,SMF87846210,"2025 첫수확 노지감귤 가정용 3kg, 5kg",소과,5.0,2,24000.0,13300.0,21400,0.44583333333333336,0,9600.0
YMM251017-00000083,SMF28240458,과즙폭발 꿀당도 보장 감귤 [유라실생],소과,2.5,1,24900.0,24900.0,0,0.0,0,9960.0
YMM251017-00000084,SMF28240458,과즙폭발 꿀당도 보장 감귤 [유라실생],소과,2.5,2,24900.0,24900.0,0,0.0,0,19920.0
YMM251017-00000085,SMF28240458,과즙폭발 꿀당도 보장 감귤 [유라실생],소과,2.5,1,24900.0,24900.0,0,0.0,0,9960.0
YMM251017-00000086,SMF87846210,"2025 첫수확 노지감귤 가정용 3kg, 5kg",소과,3.0,1,17000.0,8800.0,8200,0.4823529411764706,0,5666.666666666667
YMM251017-00000088,SMF28240458,과즙폭발 꿀당도 보장 감귤 [유라실생],소과,2.5,1,24900.0,24900.0,0,0.0,0,9960.0
YMM251017-00000089,SMF87846210,"2025 첫수확 노지감귤 가정용 3kg, 5kg",로얄과,10.0,1,35000.0,23000.0,12000,0.34285714285714286,0,3500.0
YMM251017-00000090,SMF28240458,과즙폭발 꿀당도 보장 감귤 [유라실생],소과,2.5,1,24900.0,24900.0,0,0.0,0,9960.0
YMM251017-00000091,SMF87846210,"2025 첫수확 노지감귤 가정용 3kg, 5kg",로얄과,10.0,1,35000.0,23000.0,12000,0.34285714285714286,0,3500.0
YMM251017-00000092,SMF28240458,과즙폭발 꿀당도 보장 감귤 [유라실생],소과,5.0,1,34900.0,34900.0,0,0.0,0,6980.0
YMM251017-00000093,SMF28240458,과즙폭발 꿀당도 보장 감귤 [유라실생],소과,5.0,1,34900.0,34900.0,0,0.0,0,6980.0
YMM251017-00000096,SMF28240458,과즙폭발 꿀당도 보장 감귤 [유라실생],소과,2.5,1,24900.0,24900.0,0,0.0,0,9960.0
YMM251017-00000097,SMF87846210,"2025 첫수확 노지감귤 가정용 3kg, 5kg",소과,5.0,2,24000.0,13300.0,21400,0.44583333333333336,0,9600.0
YMM251017-00000098,SMF28240458,과즙폭발 꿀당도 보장 감귤 [유라실생],소과,2.5,1,24900.0,24900.0,0,0.0,0,9960.0
YMM251017-00000100,SMF28240458,과즙폭발 꿀당도 보장 감귤 [유라실생],소과,2.5,1,24900.0,24900.0,0,0.0,0,9960.0
YMM251017-00000101,SMF28240458,과즙폭발 꿀당도 보장 감귤 [유라실생],소과,5.0,1,34900.0,34900.0,0,0.0,0,6980.0
YMM251017-00000102,SMF28240458,과즙폭발 꿀당도 보장 감귤 [유라실생],소과,5.0,1,34900.0,34900.0,0,0.0,0,6980.0
YMM251017-00000103,SMF28240458,과즙폭발 꿀당도 보장 감귤 [유라실생],소과,2.5,2,24900.0,24900.0,0,0.0,0,19920.0
YMM251017-00000104,SMF28240458,과즙폭발 꿀당도 보장 감귤 [유라실생],소과,2.5,1,24900.0,24900.0,0,0.0,0,9960.0
YMM251017-00000105,SMF28240458,과즙폭발 꿀당도 보장 감귤 [유라실생],소과,2.5,1,24900.0,24900.0,0,0.0,0,9960.0
YMM251017-00000106,SMF97813435,과즙폭발 꿀당도 보장 고당도 감귤 2kg + 황금향 2kg,소과,6.0,1,51000.0,40000.0,11000,0.21568627450980393,0,8500.0
YMM251017-00000107,SMF28240458,과즙폭발 꿀당도 보장 감귤 [유라실생],소과,2.5,1,24900.0,24900.0,0,0.0,0,9960.0
YMM251017-00000108,SMF28240458,과즙폭발 꿀당도 보장 감귤 [유라실생],소과,5.0,1,34900.0,34900.0,0,0.0,0,6980.0
YMM251017-00000109,SMF87846210,"2025 첫수확 노지감귤 가정용 3kg, 5kg",소과,5.0,1,24000.0,13300.0,10700,0.44583333333333336,0,4800.0
YMM251017-00000111,SMF87846210,"2025 첫수확 노지감귤 가정용 3kg, 5kg",소과,5.0,1,24000.0,13300.0,10700,0.44583333333333336,0,4800.0
YMM251017-00000112,SMF28240458,과즙폭발 꿀당도 보장 감귤 [유라실생],소과,2.5,1,24900.0,24900.0,0,0.0,0,9960.0
YMM251017-00000113,SMF87846210,"2025 첫수확 노지감귤 가정용 3kg, 5kg",소과,5.0,1,24000.0,13300.0,10700,0.44583333333333336,0,4800.0
YMM251017-00000114,SMF87846210,"2025 첫수확 노지감귤 가정용 3kg, 5kg",소과,5.0,1,24000.0,13300.0,10700,0.44583333333333336,0,4800.0
YMM251017-00000115,SMF28240458,과즙폭발 꿀당도 보장 감귤 [유라실생],소과,2.5,1,24900.0,24900.0,0,0.0,0,9960.0
YMM251017-00000116,SMF87846210,"2025 첫수확 노지감귤 가정용 3kg, 5kg",소과,5.0,1,24000.0,13300.0,10700,0.44583333333333336,0,4800.0
YMM251017-00000117,SMF87846210,"2025 첫수확 노지감귤 가정용 3kg, 5kg",소과,5.0,1,24000.0,13300.0,10700,0.44583333333333336,0,4800.0
YMM251017-00000118,SMF87846210,"2025 첫수확 노지감귤 가정용 3kg, 5kg",소과,5.0,1,24000.0,13300.0,10700,0.44583333333333336,0,4800.0
YMM251017-00000119,SMF29718566,제주 산지직송 황금향 선물세트 가정용,소과,5.0,1,42000.0,25000.0,17000,0.40476190476190477,0,8400.0
YMM251017-00000120,SMF87846210,"2025 첫수확 노지감귤 가정용 3kg, 5kg",소과,5.0,1,24000.0,13300.0,10700,0.44583333333333336,0,4800.0
YMM251017-00000121,SMF28240458,과즙폭발 꿀당도 보장 감귤 [유라실생],소과,5.0,1,34900.0,34900.0,0,0.0,0,6980.0
YMM251017-00000122,SMF28240458,과즙폭발 꿀당도 보장 감귤 [유라실생],소과,5.0,1,34900.0,34900.0,0,0.0,0,6980.0
YMM251017-00000123,SMF28240458,과즙폭발 꿀당도 보장 감귤 [유라실생],소과,5.0,1,34900.0,34900.0,0,0.0,0,6980.0
YMM251017-00000124,SMF28240458,과즙폭발 꿀당도 보장 감귤 [유라실생],소과,2.5,1,24900.0,24900.0,0,0.0,0,9960.0
YMM251017-00000125,SMF28240458,과즙폭발 꿀당도 보장 감귤 [유라실생],소과,5.0,1,34900.0,34900.0,0,0.0,0,6980.0
YMM251017-00000126,SMF28240458,과즙폭발 꿀당도 보장 감귤 [유라실생],소과,5.0,2,34900.0,34900.0,0,0.0,0,13960.0
YMM251017-00000127,SMF28240458,과즙폭발 꿀당도 보장 감귤 [유라실생],소과,5.0,1,34900.0,34900.0,0,0.0,0,6980.0
YMM251017-00000128,SMF29718566,제주 산지직송 황금향 선물세트 가정용,중대과,2.5,1,39000.0,25000.0,14000,0.358974358974359,0,15600.0
YMM251017-00000129,SMF28240458,과즙폭발 꿀당도 보장 감귤 [유라실생],소과,5.0,1,34900.0,34900.0,0,0.0,0,6980.0
YMM251017-00000130,SMF87846210,"2025 첫수확 노지감귤 가정용 3kg, 5kg",소과,5.0,1,24000.0,13300.0,10700,0.44583333333333336,0,4800.0
YMM251017-00000131,SMF28240458,과즙폭발 꿀당도 보장 감귤 [유라실생],소과,2.5,1,24900.0,24900.0,0,0.0,0,9960.0
YMM251017-00000132,SMF87846210,"2025 첫수확 노지감귤 가정용 3kg, 5kg",소과,3.0,10,17000.0,8800.0,82000,0.4823529411764706,0,56666.666666666664
YMM251017-00000133,SMF29718566,제주 산지직송 황금향 선물세트 가정용,중대과,2.5,2,39000.0,25000.0,28000,0.358974358974359,0,31200.0
YMM251017-00000134,SMF28240458,과즙폭발 꿀당도 보장 감귤 [유라실생],소과,5.0,1,34900.0,34900.0,0,0.0,0,6980.0
YMM251017-00000135,SMF97813435,과즙폭발 꿀당도 보장 고당도 감귤 2kg + 황금향 2kg,소과,2.0,1,33000.0,23000.0,10000,0.30303030303030304,0,16500.0
YMM251017-00000136,SMF28240458,과즙폭발 꿀당도 보장 감귤 [유라실생],소과,5.0,2,34900.0,34900.0,0,0.0,0,13960.0
YMM251017-00000137,SMF28240458,과즙폭발 꿀당도 보장 감귤 [유라실생],소과,5.0,1,34900.0,34900.0,0,0.0,0,6980.0
YMM251017-00000138,SMF28240458,과즙폭발 꿀당도 보장 감귤 [유라실생],소과,2.5,1,24900.0,24900.0,0,0.0,0,9960.0
YMM251017-00000139,SMF28240458,과즙폭발 꿀당도 보장 감귤 [유라실생],소과,2.5,1,24900.0,24900.0,0,0.0,0,9960.0
YMM251017-00000140,SMF28240458,과즙폭발 꿀당도 보장 감귤 [유라실생],소과,2.5,1,24900.0,24900.0,0,0.0,0,9960.0
YMM251017-00000141,SMF87846210,"2025 첫수확 노지감귤 가정용 3kg, 5kg",소과,3.0,1,17000.0,8800.0,8200,0.4823529411764706,0,5666.666666666667
YMM251017-00000142,SMF87846210,"2025 첫수확 노지감귤 가정용 3kg, 5kg",소과,3.0,1,17000.0,8800.0,8200,0.4823529411764706,0,5666.666666666667
YMM251017-00000143,SMF28240458,과즙폭발 꿀당도 보장 감귤 [유라실생],소과,2.5,1,24900.0,24900.0,0,0.0,0,9960.0
YMM251017-00000144,SMF28240458,과즙폭발 꿀당도 보장 감귤 [유라실생],소과,5.0,1,34900.0,34900.0,0,0.0,0,6980.0
YMM251017-00000145,SMF87846210,"2025 첫수확 노지감귤 가정용 3kg, 5kg",소과,3.0,1,17000.0,8800.0,8200,0.4823529411764706,0,5666.666666666667
YMM251017-00000146,SMF87846210,"2025 첫수확 노지감귤 가정용 3kg, 5kg",소과,3.0,1,17000.0,8800.0,8200,0.4823529411764706,0,5666.666666666667
YMM251017-00000147,SMF87846210,"2025 첫수확 노지감귤 가정용 3kg, 5kg",소과,3.0,1,17000.0,8800.0,8200,0.4823529411764706,0,5666.666666666667
YMM251017-00000150,SMF28240458,과즙폭발 꿀당도 보장 감귤 [유라실생],소과,2.5,1,24900.0,24900.0,0,0.0,0,9960.0
YMM251017-00000151,SMF28240458,과즙폭발 꿀당도 보장 감귤 [유라실생],소과,2.5,1,24900.0,24900.0,0,0.0,0,9960.0
YMM251017-00000152,SMF28240458,과즙폭발 꿀당도 보장 감귤 [유라실생],소과,2.5,3,31566.666666666668,31566.666666666668,0,0.0,0,37880.0
YMM251017-00000153,SMF28240458,과즙폭발 꿀당도 보장 감귤 [유라실생],소과,2.5,1,24900.0,24900.0,0,0.0,0,9960.0
YMM251017-00000154,SMF28240458,과즙폭발 꿀당도 보장 감귤 [유라실생],소과,2.5,1,24900.0,24900.0,0,0.0,0,9960.0
YMM251017-00000155,SMF97813435,과즙폭발 꿀당도 보장 고당도 감귤 2kg + 황금향 2kg,소과,6.0,1,51000.0,40000.0,11000,0.21568627450980393,0,8500.0
YMM251017-00000156,SMF28240458,과즙폭발 꿀당도 보장 감귤 [유라실생],소과,2.5,1,24900.0,24900.0,0,0.0,0,9960.0
YMM251017-00000157,SMF28240458,과즙폭발 꿀당도 보장 감귤 [유라실생],소과,2.5,1,24900.0,24900.0,0,0.0,0,9960.0
YMM251017-00000158,SMF28240458,과즙폭발 꿀당도 보장 감귤 [유라실생],소과,5.0,1,34900.0,34900.0,0,0.0,0,6980.0
YMM251017-00000159,SMF28240458,과즙폭발 꿀당도 보장 감귤 [유라실생],소과,2.5,1,24900.0,24900.0,0,0.0,0,9960.0
YMM251017-00000160,SMF97813435,과즙폭발 꿀당도 보장 고당도 감귤 2kg + 황금향 2kg,소과,2.0,1,33000.0,23000.0,10000,0.30303030303030304,0,16500.0
YMM251017-00000161,SMF28240458,과즙폭발 꿀당도 보장 감귤 [유라실생],소과,5.0,1,34900.0,34900.0,0,0.0,0,6980.0
YMM251017-00000162,SMF28240458,과즙폭발 꿀당도 보장 감귤 [유라실생],소과,2.5,1,24900.0,24900.0,0,0.0,0,9960.0
YMM251017-00000163,SMF28240458,과즙폭발 꿀당도 보장 감귤 [유라실생],소과,2.5,1,24900.0,24900.0,0,0.0,0,9960.0
YMM251017-00000164,SMF29718566,제주 산지직송 황금향 선물세트 가정용,중대과,4.5,1,54000.0,40000.0,14000,0.25925925925925924,0,12000.0
YMM251017-00000165,SMF97813435,과즙폭발 꿀당도 보장 고당도 감귤 2kg + 황금향 2kg,소과,4.0,1,35000.0,25000.0,10000,0.2857142857142857,0,8750.0
YMM251017-00000166,SMF28240458,과즙폭발 꿀당도 보장 감귤 [유라실생],소과,5.0,1,34900.0,34900.0,0,0.0,0,6980.0
YMM251017-00000167,SMF87846210,"2025 첫수확 노지감귤 가정용 3kg, 5kg",소과,10.0,1,35000.0,23000.0,12000,0.34285714285714286,0,3500.0
YMM251017-00000168,SMF28240458,과즙폭발 꿀당도 보장 감귤 [유라실생],소과,5.0,1,34900.0,34900.0,0,0.0,0,6980.0
YMM251017-00000169,SMF28240458,과즙폭발 꿀당도 보장 감귤 [유라실생],소과,2.5,1,24900.0,24900.0,0,0.0,0,9960.0
YMM251017-00000170,SMF28240458,과즙폭발 꿀당도 보장 감귤 [유라실생],소과,5.0,1,34900.0,34900.0,0,0.0,0,6980.0
YMM251017-00000171,SMF28240458,과즙폭발 꿀당도 보장 감귤 [유라실생],소과,2.5,1,24900.0,24900.0,0,0.0,0,9960.0
YMM251017-00000172,SMF87846210,"2025 첫수확 노지감귤 가정용 3kg, 5kg",로얄과,5.0,1,24000.0,13300.0,10700,0.44583333333333336,0,4800.0
YMM251017-00000176,SMF28240458,과즙폭발 꿀당도 보장 감귤 [유라실생],소과,2.5,1,24900.0,24900.0,0,0.0,0,9960.0
YMM251017-00000177,SMF28240458,과즙폭발 꿀당도 보장 감귤 [유라실생],소과,2.5,1,24900.0,24900.0,0,0.0,0,9960.0
YMM251017-00000178,SMF28240458,과즙폭발 꿀당도 보장 감귤 [유라실생],소과,2.5,1,24900.0,24900.0,0,0.0,0,9960.0
YMM251017-00000179,SMF28240458,과즙폭발 꿀당도 보장 감귤 [유라실생],소과,2.5,1,24900.0,24900.0,0,0.0,0,9960.0
YMM251017-00000180,SMF87846210,"2025 첫수확 노지감귤 가정용 3kg, 5kg",로얄과,10.0,1,35000.0,23000.0,12000,0.34285714285714286,0,3500.0
YMM251017-00000181,SMF87846210,"2025 첫수확 노지감귤 가정용 3kg, 5kg",로얄과,5.0,1,24000.0,13300.0,10700,0.44583333333333336,0,4800.0
YMM251017-00000182,SMF28240458,과즙폭발 꿀당도 보장 감귤 [유라실생],소과,2.5,1,24900.0,24900.0,0,0.0,0,9960.0
YMM251017-00000183,SMF28240458,과즙폭발 꿀당도 보장 감귤 [유라실생],소과,5.0,1,34900.0,34900.0,0,0.0,0,6980.0
YMM251017-00000184,SMF28240458,과즙폭발 꿀당도 보장 감귤 [유라실생],소과,5.0,1,34900.0,34900.0,0,0.0,0,6980.0
YMM251017-00000185,SMF28240458,과즙폭발 꿀당도 보장 감귤 [유라실생],소과,5.0,1,34900.0,34900.0,0,0.0,0,6980.0
YMM251017-00000186,SMF28240458,과즙폭발 꿀당도 보장 감귤 [유라실생],소과,5.0,1,34900.0,34900.0,0,0.0,0,6980.0
YMM251017-00000187,SMF28240458,과즙폭발 꿀당도 보장 감귤 [유라실생],소과,5.0,1,34900.0,34900.0,0,0.0,0,6980.0
YMM251017-00000188,SMF97813435,과즙폭발 꿀당도 보장 고당도 감귤 2kg + 황금향 2kg,소과,2.0,2,42000.0,31500.0,21000,0.25,0,42000.0
YMM251017-00000189,SMF28240458,과즙폭발 꿀당도 보장 감귤 [유라실생],소과,2.5,1,24900.0,24900.0,0,0.0,0,9960.0
YMM251017-00000190,SMF28240458,과즙폭발 꿀당도 보장 감귤 [유라실생],소과,5.0,1,34900.0,34900.0,0,0.0,0,6980.0
YMM251017-00000191,SMF28240458,과즙폭발 꿀당도 보장 감귤 [유라실생],소과,2.5,1,24900.0,24900.0,0,0.0,0,9960.0
YMM251017-00000192,SMF28240458,과즙폭발 꿀당도 보장 감귤 [유라실생],소과,5.0,1,34900.0,34900.0,0,0.0,0,6980.0
YMM251017-00000193,SMF28240458,과즙폭발 꿀당도 보장 감귤 [유라실생],소과,2.5,1,24900.0,24900.0,0,0.0,0,9960.0
YMM251017-00000194,SMF28240458,과즙폭발 꿀당도 보장 감귤 [유라실생],소과,2.5,1,24900.0,24900.0,0,0.0,0,9960.0
YMM251017-00000196,SMF28240458,과즙폭발 꿀당도 보장 감귤 [유라실생],소과,5.0,1,34900.0,34900.0,0,0.0,0,6980.0
YMM251017-00000197,SMF28240458,과즙폭발 꿀당도 보장 감귤 [유라실생],소과,5.0,1,34900.0,34900.0,0,0.0,0,6980.0
YMM251017-00000198,SMF28240458,과즙폭발 꿀당도 보장 감귤 [유라실생],소과,2.5,1,24900.0,24900.0,0,0.0,0,9960.0
YMM251017-00000199,SMF29718566,제주 산지직송 황금향 선물세트 가정용,소과,3.0,1,32000.0,15800.0,16200,0.50625,0,10666.666666666666
YMM251017-00000201,SMF87846210,"2025 첫수확 노지감귤 가정용 3kg, 5kg",소과,3.0,1,17000.0,8800.0,8200,0.4823529411764706,0,5666.666666666667
YMM251017-00000202,SMF28240458,과즙폭발 꿀당도 보장 감귤 [유라실생],소과,2.5,1,24900.0,24900.0,0,0.0,0,9960.0
YMM251017-00000203,SMF28240458,과즙폭발 꿀당도 보장 감귤 [유라실생],소과,5.0,1,34900.0,34900.0,0,0.0,0,6980.0
YMM251017-00000204,SMF28240458,과즙폭발 꿀당도 보장 감귤 [유라실생],소과,2.5,1,24900.0,24900.0,0,0.0,0,9960.0
YMM251017-00000205,SMF28240458,과즙폭발 꿀당도 보장 감귤 [유라실생],소과,5.0,1,34900.0,34900.0,0,0.0,0,6980.0
YMM251017-00000206,SMF28240458,과즙폭발 꿀당도 보장 감귤 [유라실생],소과,2.5,1,24900.0,24900.0,0,0.0,0,9960.0
YMM251017-00000207,SMF28240458,과즙폭발 꿀당도 보장 감귤 [유라실생],소과,5.0,1,34900.0,34900.0,0,0.0,0,6980.0
YMM251017-00000208,SMF28240458,과즙폭발 꿀당도 보장 감귤 [유라실생],소과,2.5,1,24900.0,24900.0,0,0.0,0,9960.0
YMM251017-00000209,SMF28240458,과즙폭발 꿀당도 보장 감귤 [유라실생],소과,2.5,1,24900.0,24900.0,0,0.0,0,9960.0
YMM251017-00000213,SMF28240458,과즙폭발 꿀당도 보장 감귤 [유라실생],소과,2.5,1,24900.0,24900.0,0,0.0,0,9960.0
YMM251017-00000214,SMF28240458,과즙폭발 꿀당도 보장 감귤 [유라실생],소과,5.0,1,34900.0,34900.0,0,0.0,0,6980.0
YMM251017-00000215,SMF28240458,과즙폭발 꿀당도 보장 감귤 [유라실생],소과,2.5,1,24900.0,24900.0,0,0.0,0,9960.0
YMM251017-00000216,SMF97813435,과즙폭발 꿀당도 보장 고당도 감귤 2kg + 황금향 2kg,소과,2.0,1,33000.0,23000.0,10000,0.30303030303030304,0,16500.0
YMM251017-00000218,SMF28240458,과즙폭발 꿀당도 보장 감귤 [유라실생],소과,5.0,1,34900.0,34900.0,0,0.0,0,6980.0
YMM251017-00000219,SMF97813435,과즙폭발 꿀당도 보장 고당도 감귤 2kg + 황금향 2kg,소과,2.0,1,33000.0,23000.0,10000,0.30303030303030304,0,16500.0
YMM251017-00000220,SMF97813435,과즙폭발 꿀당도 보장 고당도 감귤 2kg + 황금향 2kg,소과,2.0,2,33000.0,23000.0,20000,0.30303030303030304,0,33000.0
YMM251017-00000221,SMF28240458,과즙폭발 꿀당도 보장 감귤 [유라실생],소과,2.5,1,24900.0,24900.0,0,0.0,0,9960.0
YMM251017-00000222,SMF97813435,과즙폭발 꿀당도 보장 고당도 감귤 2kg + 황금향 2kg,소과,2.0,1,33000.0,23000.0,10000,0.30303030303030304,0,16500.0
YMM251017-00000223,SMF97813435,과즙폭발 꿀당도 보장 고당도 감귤 2kg + 황금향 2kg,소과,2.0,1,33000.0,23000.0,10000,0.30303030303030304,0,16500.0
YMM251017-00000224,SMF28240458,과즙폭발 꿀당도 보장 감귤 [유라실생],소과,5.0,1,34900.0,34900.0,0,0.0,0,6980.0
YMM251017-00000225,SMF97813435,과즙폭발 꿀당도 보장 고당도 감귤 2kg + 황금향 2kg,소과,2.0,1,33000.0,23000.0,10000,0.30303030303030304,0,16500.0
YMM251017-00000226,SMF97813435,과즙폭발 꿀당도 보장 고당도 감귤 2kg + 황금향 2kg,소과,4.0,1,35000.0,25000.0,10000,0.2857142857142857,0,8750.0
YMM251017-00000227,SMF87846210,"2025 첫수확 노지감귤 가정용 3kg, 5kg",소과,5.0,1,24000.0,13300.0,10700,0.44583333333333336,0,4800.0
YMM251017-00000228,SMF87846210,"2025 첫수확 노지감귤 가정용 3kg, 5kg",로얄과,3.0,1,17000.0,8800.0,8200,0.4823529411764706,0,5666.666666666667
YMM251017-00000229,SMF97813435,과즙폭발 꿀당도 보장 고당도 감귤 2kg + 황금향 2kg,소과,2.0,2,34000.0,24000.0,20000,0.29411764705882354,0,34000.0
YMM251017-00000230,SMF97813435,과즙폭발 꿀당도 보장 고당도 감귤 2kg + 황금향 2kg,소과,2.0,1,33000.0,23000.0,10000,0.30303030303030304,0,16500.0
YMM251017-00000231,SMF97813435,과즙폭발 꿀당도 보장 고당도 감귤 2kg + 황금향 2kg,소과,2.0,1,33000.0,23000.0,10000,0.30303030303030304,0,16500.0
YMM251017-00000232,SMF97813435,과즙폭발 꿀당도 보장 고당도 감귤 2kg + 황금향 2kg,소과,2.0,1,33000.0,23000.0,10000,0.30303030303030304,0,16500.0
YMM251017-00000233,SMF97813435,과즙폭발 꿀당도 보장 고당도 감귤 2kg + 황금향 2kg,소과,2.0,1,33000.0,23000.0,10000,0.30303030303030304,0,16500.0
YMM251017-00000234,SMF97813435,과즙폭발 꿀당도 보장 고당도 감귤 2kg + 황금향 2kg,소과,4.0,2,34000.0,24000.0,20000,0.29411764705882354,0,17000.0
YMM251017-00000235,SMF28240458,과즙폭발 꿀당도 보장 감귤 [유라실생],소과,5.0,2,34900.0,34900.0,0,0.0,0,13960.0
YMM251017-00000236,SMF97813435,과즙폭발 꿀당도 보장 고당도 감귤 2kg + 황금향 2kg,소과,2.0,1,33000.0,23000.0,10000,0.30303030303030304,0,16500.0
YMM251017-00000237,SMF97813435,과즙폭발 꿀당도 보장 고당도 감귤 2kg + 황금향 2kg,소과,2.0,1,33000.0,23000.0,10000,0.30303030303030304,0,16500.0
YMM251017-00000238,SMF97813435,과즙폭발 꿀당도 보장 고당도 감귤 2kg + 황금향 2kg,소과,2.0,1,33000.0,23000.0,10000,0.30303030303030304,0,16500.0
YMM251017-00000239,SMF97813435,과즙폭발 꿀당도 보장 고당도 감귤 2kg + 황금향 2kg,소과,2.0,1,33000.0,23000.0,10000,0.30303030303030304,0,16500.0
YMM251017-00000240,SMF97813435,과즙폭발 꿀당도 보장 고당도 감귤 2kg + 황금향 2kg,소과,2.0,1,33000.0,23000.0,10000,0.30303030303030304,0,16500.0
YMM251017-00000241,SMF87846210,"2025 첫수확 노지감귤 가정용 3kg, 5kg",소과,5.0,1,24000.0,13300.0,10700,0.44583333333333336,0,4800.0
YMM251017-00000242,SMF28240458,과즙폭발 꿀당도 보장 감귤 [유라실생],소과,2.5,1,24900.0,24900.0,0,0.0,0,9960.0
YMM251017-00000243,SMF97813435,과즙폭발 꿀당도 보장 고당도 감귤 2kg + 황금향 2kg,소과,2.0,1,33000.0,23000.0,10000,0.30303030303030304,0,16500.0
YMM251017-00000244,SMF97813435,과즙폭발 꿀당도 보장 고당도 감귤 2kg + 황금향 2kg,소과,2.0,1,33000.0,23000.0,10000,0.30303030303030304,0,16500.0
YMM251017-00000245,SMF97813435,과즙폭발 꿀당도 보장 고당도 감귤 2kg + 황금향 2kg,소과,2.0,1,33000.0,23000.0,10000,0.30303030303030304,0,16500.0
YMM251017-00000248,SMF28240458,과즙폭발 꿀당도 보장 감귤 [유라실생],소과,5.0,1,34900.0,34900.0,0,0.0,0,6980.0
YMM251017-00000249,SMF97813435,과즙폭발 꿀당도 보장 고당도 감귤 2kg + 황금향 2kg,소과,2.0,1,33000.0,23000.0,10000,0.30303030303030304,0,16500.0
YMM251017-00000250,SMF28240458,과즙폭발 꿀당도 보장 감귤 [유라실생],소과,5.0,1,34900.0,34900.0,0,0.0,0,6980.0
YMM251017-00000251,SMF97813435,과즙폭발 꿀당도 보장 고당도 감귤 2kg + 황금향 2kg,소과,2.0,1,33000.0,23000.0,10000,0.30303030303030304,0,16500.0
YMM251017-00000252,SMF28240458,과즙폭발 꿀당도 보장 감귤 [유라실생],소과,2.5,1,24900.0,24900.0,0,0.0,0,9960.0
YMM251017-00000253,SMF28240458,과즙폭발 꿀당도 보장 감귤 [유라실생],소과,5.0,1,34900.0,34900.0,0,0.0,0,6980.0
YMM251017-00000254,SMF97813435,과즙폭발 꿀당도 보장 고당도 감귤 2kg + 황금향 2kg,소과,2.0,1,33000.0,23000.0,10000,0.30303030303030304,0,16500.0
YMM251017-00000255,SMF97813435,과즙폭발 꿀당도 보장 고당도 감귤 2kg + 황금향 2kg,소과,2.0,1,33000.0,23000.0,10000,0.30303030303030304,0,16500.0
YMM251017-00000256,SMF97813435,과즙폭발 꿀당도 보장 고당도 감귤 2kg + 황금향 2kg,소과,6.0,2,42000.0,31500.0,21000,0.25,0,14000.0
YMM251017-00000257,SMF28240458,과즙폭발 꿀당도 보장 감귤 [유라실생],소과,5.0,1,34900.0,34900.0,0,0.0,0,6980.0
YMM251017-00000259,SMF97813435,과즙폭발 꿀당도 보장 고당도 감귤 2kg + 황금향 2kg,소과,2.0,1,33000.0,23000.0,10000,0.30303030303030304,0,16500.0
YMM251017-00000260,SMF97813435,과즙폭발 꿀당도 보장 고당도 감귤 2kg + 황금향 2kg,소과,2.0,1,33000.0,23000.0,10000,0.30303030303030304,0,16500.0
YMM251017-00000262,SMF28240458,과즙폭발 꿀당도 보장 감귤 [유라실생],소과,2.5,1,24900.0,24900.0,0,0.0,0,9960.0
YMM251017-00000263,SMF28240458,과즙폭발 꿀당도 보장 감귤 [유라실생],소과,2.5,1,24900.0,24900.0,0,0.0,0,9960.0
YMM251017-00000264,SMF97813435,과즙폭발 꿀당도 보장 고당도 감귤 2kg + 황금향 2kg,소과,2.0,1,33000.0,23000.0,10000,0.30303030303030304,0,16500.0
YMM251017-00000265,SMF97813435,과즙폭발 꿀당도 보장 고당도 감귤 2kg + 황금향 2kg,소과,2.0,1,33000.0,23000.0,10000,0.30303030303030304,0,16500.0
YMM251017-00000266,SMF29718566,제주 산지직송 황금향 선물세트 가정용,중대과,2.5,1,39000.0,25000.0,14000,0.358974358974359,0,15600.0
YMM251017-00000268,SMF97813435,과즙폭발 꿀당도 보장 고당도 감귤 2kg + 황금향 2kg,소과,6.0,2,51000.0,40000.0,22000,0.21568627450980393,0,17000.0
YMM251017-00000269,SMF28240458,과즙폭발 꿀당도 보장 감귤 [유라실생],소과,2.5,1,24900.0,24900.0,0,0.0,0,9960.0
YMM251017-00000270,SMF97813435,과즙폭발 꿀당도 보장 고당도 감귤 2kg + 황금향 2kg,소과,4.0,1,35000.0,25000.0,10000,0.2857142857142857,0,8750.0
YMM251017-00000271,SMF97813435,과즙폭발 꿀당도 보장 고당도 감귤 2kg + 황금향 2kg,소과,2.0,1,33000.0,23000.0,10000,0.30303030303030304,0,16500.0
YMM251017-00000273,SMF97813435,과즙폭발 꿀당도 보장 고당도 감귤 2kg + 황금향 2kg,소과,2.0,1,33000.0,23000.0,10000,0.30303030303030304,0,16500.0
YMM251017-00000275,SMF97813435,과즙폭발 꿀당도 보장 고당도 감귤 2kg + 황금향 2kg,소과,4.0,1,35000.0,25000.0,10000,0.2857142857142857,0,8750.0
YMM251017-00000276,SMF28240458,과즙폭발 꿀당도 보장 감귤 [유라실생],소과,2.5,1,24900.0,24900.0,0,0.0,0,9960.0
YMM251017-00000277,SMF28240458,과즙폭발 꿀당도 보장 감귤 [유라실생],소과,2.5,1,24900.0,24900.0,0,0.0,0,9960.0
YMM251017-00000278,SMF97813435,과즙폭발 꿀당도 보장 고당도 감귤 2kg + 황금향 2kg,소과,4.0,1,35000.0,25000.0,10000,0.2857142857142857,0,8750.0
YMM251017-00000279,SMF28240458,과즙폭발 꿀당도 보장 감귤 [유라실생],소과,5.0,1,34900.0,34900.0,0,0.0,0,6980.0
YMM251017-00000280,SMF97813435,과즙폭발 꿀당도 보장 고당도 감귤 2kg + 황금향 2kg,소과,2.0,1,33000.0,23000.0,10000,0.30303030303030304,0,16500.0
YMM251017-00000281,SMF28240458,과즙폭발 꿀당도 보장 감귤 [유라실생],소과,5.0,1,34900.0,34900.0,0,0.0,0,6980.0
YMM251017-00000283,SMF97813435,과즙폭발 꿀당도 보장 고당도 감귤 2kg + 황금향 2kg,소과,2.0,1,33000.0,23000.0,10000,0.30303030303030304,0,16500.0
YMM251017-00000284,SMF97813435,과즙폭발 꿀당도 보장 고당도 감귤 2kg + 황금향 2kg,소과,2.0,1,33000.0,23000.0,10000,0.30303030303030304,0,16500.0
YMM251017-00000285,SMF97813435,과즙폭발 꿀당도 보장 고당도 감귤 2kg + 황금향 2kg,소과,2.0,1,33000.0,23000.0,10000,0.30303030303030304,0,16500.0
YMM251017-00000286,SMF28240458,과즙폭발 꿀당도 보장 감귤 [유라실생],소과,2.5,1,24900.0,24900.0,0,0.0,0,9960.0
YMM251017-00000287,SMF29718566,제주 산지직송 황금향 선물세트 가정용,중대과,2.5,1,39000.0,25000.0,14000,0.358974358974359,0,15600.0
YMM251017-00000288,SMF28240458,과즙폭발 꿀당도 보장 감귤 [유라실생],소과,2.5,1,24900.0,24900.0,0,0.0,0,9960.0
YMM251017-00000289,SMF97813435,과즙폭발 꿀당도 보장 고당도 감귤 2kg + 황금향 2kg,소과,2.0,1,33000.0,23000.0,10000,0.30303030303030304,0,16500.0
YMM251017-00000290,SMF28240458,과즙폭발 꿀당도 보장 감귤 [유라실생],소과,2.5,1,24900.0,24900.0,0,0.0,0,9960.0
YMM251017-00000293,SMF28240458,과즙폭발 꿀당도 보장 감귤 [유라실생],소과,5.0,1,34900.0,34900.0,0,0.0,0,6980.0
YMM251017-00000295,SMF97813435,과즙폭발 꿀당도 보장 고당도 감귤 2kg + 황금향 2kg,소과,2.0,1,33000.0,23000.0,10000,0.30303030303030304,0,16500.0
YMM251017-00000296,SMF28240458,과즙폭발 꿀당도 보장 감귤 [유라실생],소과,2.5,1,24900.0,24900.0,0,0.0,0,9960.0
YMM251017-00000297,SMF28240458,과즙폭발 꿀당도 보장 감귤 [유라실생],소과,5.0,1,34900.0,34900.0,0,0.0,0,6980.0
YMM251017-00000298,SMF28240458,과즙폭발 꿀당도 보장 감귤 [유라실생],소과,2.5,2,24900.0,24900.0,0,0.0,0,19920.0
YMM251017-00000301,SMF28240458,과즙폭발 꿀당도 보장 감귤 [유라실생],소과,2.5,1,24900.0,24900.0,0,0.0,0,9960.0
YMM251017-00000302,SMF97813435,과즙폭발 꿀당도 보장 고당도 감귤 2kg + 황금향 2kg,소과,6.0,1,51000.0,40000.0,11000,0.21568627450980393,0,8500.0
YMM251017-00000303,SMF28240458,과즙폭발 꿀당도 보장 감귤 [유라실생],소과,5.0,1,34900.0,34900.0,0,0.0,0,6980.0
YMM251017-00000304,SMF28240458,과즙폭발 꿀당도 보장 감귤 [유라실생],소과,5.0,1,34900.0,34900.0,0,0.0,0,6980.0
YMM251017-00000305,SMF28240458,과즙폭발 꿀당도 보장 감귤 [유라실생],소과,5.0,1,34900.0,34900.0,0,0.0,0,6980.0
YMM251017-00000306,SMF28240458,과즙폭발 꿀당도 보장 감귤 [유라실생],소과,2.5,1,24900.0,24900.0,0,0.0,0,9960.0
YMM251017-00000307,SMF97813435,과즙폭발 꿀당도 보장 고당도 감귤 2kg + 황금향 2kg,소과,2.0,1,33000.0,23000.0,10000,0.30303030303030304,0,16500.0
YMM251017-00000308,SMF28240458,과즙폭발 꿀당도 보장 감귤 [유라실생],소과,2.5,1,24900.0,24900.0,0,0.0,0,9960.0
YMM251017-00000309,SMF97813435,과즙폭발 꿀당도 보장 고당도 감귤 2kg + 황금향 2kg,소과,2.0,1,33000.0,23000.0,10000,0.30303030303030304,0,16500.0
YMM251017-00000310,SMF28240458,과즙폭발 꿀당도 보장 감귤 [유라실생],소과,5.0,1,34900.0,34900.0,0,0.0,0,6980.0
YMM251017-00000311,SMF87846210,"2025 첫수확 노지감귤 가정용 3kg, 5kg",로얄과,3.0,1,17000.0,8800.0,8200,0.4823529411764706,0,5666.666666666667
YMM251017-00000312,SMF97813435,과즙폭발 꿀당도 보장 고당도 감귤 2kg + 황금향 2kg,소과,2.0,1,33000.0,23000.0,10000,0.30303030303030304,0,16500.0
YMM251017-00000313,SMF97813435,과즙폭발 꿀당도 보장 고당도 감귤 2kg + 황금향 2kg,소과,2.0,1,33000.0,23000.0,10000,0.30303030303030304,0,16500.0
YMM251017-00000315,SMF28240458,과즙폭발 꿀당도 보장 감귤 [유라실생],소과,5.0,1,34900.0,34900.0,0,0.0,0,6980.0
YMM251017-00000317,SMF28240458,과즙폭발 꿀당도 보장 감귤 [유라실생],소과,2.5,1,24900.0,24900.0,0,0.0,0,9960.0
YMM251017-00000318,SMF28240458,과즙폭발 꿀당도 보장 감귤 [유라실생],소과,2.5,1,24900.0,24900.0,0,0.0,0,9960.0
YMM251017-00000319,SMF28240458,과즙폭발 꿀당도 보장 감귤 [유라실생],소과,5.0,1,34900.0,34900.0,0,0.0,0,6980.0
YMM251017-00000320,SMF28240458,과즙폭발 꿀당도 보장 감귤 [유라실생],소과,5.0,1,34900.0,34900.0,0,0.0,0,6980.0
YMM251017-00000323,SMF97813435,과즙폭발 꿀당도 보장 고당도 감귤 2kg + 황금향 2kg,소과,2.0,1,33000.0,23000.0,10000,0.30303030303030304,0,16500.0
YMM251017-00000324,SMF28240458,과즙폭발 꿀당도 보장 감귤 [유라실생],소과,5.0,2,34900.0,34900.0,0,0.0,0,13960.0
YMM251017-00000325,SMF28240458,과즙폭발 꿀당도 보장 감귤 [유라실생],소과,5.0,1,34900.0,34900.0,0,0.0,0,6980.0
YMM251017-00000326,SMF28240458,과즙폭발 꿀당도 보장 감귤 [유라실생],소과,2.5,1,24900.0,24900.0,0,0.0,0,9960.0
YMM251017-00000327,SMF28240458,과즙폭발 꿀당도 보장 감귤 [유라실생],소과,2.5,1,24900.0,24900.0,0,0.0,0,9960.0
YMM251017-00000328,SMF87846210,"2025 첫수확 노지감귤 가정용 3kg, 5kg",소과,3.0,1,17000.0,8800.0,8200,0.4823529411764706,0,5666.666666666667
YMM251017-00000329,SMF28240458,과즙폭발 꿀당도 보장 감귤 [유라실생],소과,2.5,1,24900.0,24900.0,0,0.0,0,9960.0
YMM251017-00000330,SMF28240458,과즙폭발 꿀당도 보장 감귤 [유라실생],소과,2.5,1,24900.0,24900.0,0,0.0,0,9960.0
YMM251017-00000332,SMF97813435,과즙폭발 꿀당도 보장 고당도 감귤 2kg + 황금향 2kg,소과,2.0,1,33000.0,23000.0,10000,0.30303030303030304,0,16500.0
YMM251017-00000333,SMF87846210,"2025 첫수확 노지감귤 가정용 3kg, 5kg",소과,3.0,1,17000.0,8800.0,8200,0.4823529411764706,0,5666.666666666667
YMM251017-00000334,SMF97813435,과즙폭발 꿀당도 보장 고당도 감귤 2kg + 황금향 2kg,소과,2.0,1,33000.0,23000.0,10000,0.30303030303030304,0,16500.0
YMM251017-00000335,SMF97813435,과즙폭발 꿀당도 보장 고당도 감귤 2kg + 황금향 2kg,소과,2.0,1,33000.0,23000.0,10000,0.30303030303030304,0,16500.0
YMM251017-00000336,SMF97813435,과즙폭발 꿀당도 보장 고당도 감귤 2kg + 황금향 2kg,소과,4.0,2,34000.0,24000.0,20000,0.29411764705882354,0,17000.0
YMM251017-00000337,SMF97813435,과즙폭발 꿀당도 보장 고당도 감귤 2kg + 황금향 2kg,소과,2.0,1,33000.0,23000.0,10000,0.30303030303030304,0,16500.0
YMM251017-00000338,SMF97813435,과즙폭발 꿀당도 보장 고당도 감귤 2kg + 황금향 2kg,소과,2.0,1,33000.0,23000.0,10000,0.30303030303030304,0,16500.0
YMM251017-00000339,SMF28240458,과즙폭발 꿀당도 보장 감귤 [유라실생],소과,2.5,1,24900.0,24900.0,0,0.0,0,9960.0
YMM251017-00000340,SMF28240458,과즙폭발 꿀당도 보장 감귤 [유라실생],소과,5.0,1,34900.0,34900.0,0,0.0,0,6980.0
YMM251017-00000341,SMF28240458,과즙폭발 꿀당도 보장 감귤 [유라실생],소과,5.0,1,34900.0,34900.0,0,0.0,0,6980.0
YMM251017-00000342,SMF28240458,과즙폭발 꿀당도 보장 감귤 [유라실생],소과,5.0,1,34900.0,34900.0,0,0.0,0,6980.0
YMM251017-00000343,SMF87846210,"2025 첫수확 노지감귤 가정용 3kg, 5kg",소과,3.0,1,17000.0,8800.0,8200,0.4823529411764706,0,5666.666666666667
YMM251017-00000344,SMF28240458,과즙폭발 꿀당도 보장 감귤 [유라실생],소과,5.0,1,34900.0,34900.0,0,0.0,0,6980.0
YMM251017-00000346,SMF28240458,과즙폭발 꿀당도 보장 감귤 [유라실생],소과,2.5,1,24900.0,24900.0,0,0.0,0,9960.0
YMM251017-00000347,SMF28240458,과즙폭발 꿀당도 보장 감귤 [유라실생],소과,5.0,1,34900.0,34900.0,0,0.0,0,6980.0
YMM251017-00000348,SMF97813435,과즙폭발 꿀당도 보장 고당도 감귤 2kg + 황금향 2kg,소과,2.0,1,33000.0,23000.0,10000,0.30303030303030304,0,16500.0
YMM251017-00000349,SMF28240458,과즙폭발 꿀당도 보장 감귤 [유라실생],소과,2.5,1,24900.0,24900.0,0,0.0,0,9960.0
YMM251017-00000350,SMF97813435,과즙폭발 꿀당도 보장 고당도 감귤 2kg + 황금향 2kg,소과,4.0,1,35000.0,25000.0,10000,0.2857142857142857,0,8750.0
YMM251017-00000351,SMF28240458,과즙폭발 꿀당도 보장 감귤 [유라실생],소과,5.0,1,34900.0,34900.0,0,0.0,0,6980.0
YMM251017-00000352,SMF28240458,과즙폭발 꿀당도 보장 감귤 [유라실생],소과,2.5,1,24900.0,24900.0,0,0.0,0,9960.0
YMM251017-00000353,SMF28240458,과즙폭발 꿀당도 보장 감귤 [유라실생],소과,5.0,1,34900.0,34900.0,0,0.0,0,6980.0
YMM251017-00000354,SMF97813435,과즙폭발 꿀당도 보장 고당도 감귤 2kg + 황금향 2kg,소과,2.0,1,33000.0,23000.0,10000,0.30303030303030304,0,16500.0
YMM251017-00000355,SMF97813435,과즙폭발 꿀당도 보장 고당도 감귤 2kg + 황금향 2kg,소과,2.0,1,33000.0,23000.0,10000,0.30303030303030304,0,16500.0
YMM251017-00000356,SMF28240458,과즙폭발 꿀당도 보장 감귤 [유라실생],소과,5.0,1,34900.0,34900.0,0,0.0,0,6980.0
YMM251231-00000013,SMF28555734,[킹댕즈 보장!]초고당도 타이벡 감귤 2025년 첫수확,일반,4.5,1,29000.0,19000.0,10000,0.3448275862068966,0,6444.444444444444
YMM251231-00000014,SMF14158451,"[1+1이벤트]초고당도 타이벡 감귤, 1월 6일 출고 예정",일반,2.5,1,29000.0,19000.0,10000,0.3448275862068966,1,11600.0
YMM251231-00000016,SMF79565974,"해남 꿀고구마, 베니하루카 품종 포슬포슬",일반,3.0,2,15900.0,9200.0,13400,0.42138364779874216,0,10600.0
YMM251231-00000017,SMF14158451,"[1+1이벤트]초고당도 타이벡 감귤, 1월 6일 출고 예정",일반,4.5,1,39000.0,29000.0,10000,0.2564102564102564,1,8666.666666666666
YMM251231-00000018,SMF28555734,[킹댕즈 보장!]초고당도 타이벡 감귤 2025년 첫수확,일반,9.0,1,39000.0,29000.0,10000,0.2564102564102564,0,4333.333333333333
YMM251231-00000019,SMF14158451,"[1+1이벤트]초고당도 타이벡 감귤, 1월 6일 출고 예정",일반,4.5,1,39000.0,29000.0,10000,0.2564102564102564,1,8666.666666666666
YMM251231-00000020,SMF28555734,[킹댕즈 보장!]초고당도 타이벡 감귤 2025년 첫수확,일반,9.0,1,39000.0,29000.0,10000,0.2564102564102564,0,4333.333333333333
YMM251231-00000021,SMF28555734,[킹댕즈 보장!]초고당도 타이벡 감귤 2025년 첫수확,일반,9.0,1,39000.0,29000.0,10000,0.2564102564102564,0,4333.333333333333
YMM251231-00000022,SMF28555734,[킹댕즈 보장!]초고당도 타이벡 감귤 2025년 첫수확,일반,9.0,1,39000.0,29000.0,10000,0.2564102564102564,0,4333.333333333333
YMM251231-00000023,SMF34633170,실속만점 가정용 하우스 한라봉&레드향,중과,2.5,1,32000.0,19750.0,12250,0.3828125,0,12800.0
YMM251231-00000024,SMF14158451,"[1+1이벤트]초고당도 타이벡 감귤, 1월 6일 출고 예정",일반,4.5,1,39000.0,29000.0,10000,0.2564102564102564,1,8666.666666666666
YMM251231-00000025,SMF78619818,과즙폭발 겨울의 꽃 조생 감귤,로얄과,4.5,1,19900.0,13200.0,6700,0.33668341708542715,0,4422.222222222223
YMM251231-00000027,SMF28555734,[킹댕즈 보장!]초고당도 타이벡 감귤 2025년 첫수확,일반,9.0,1,39000.0,29000.0,10000,0.2564102564102564,0,4333.333333333333
YMM251231-00000028,SMF28555734,[킹댕즈 보장!]초고당도 타이벡 감귤 2025년 첫수확,일반,9.0,1,39000.0,29000.0,10000,0.2564102564102564,0,4333.333333333333
YMM251231-00000029,SMF34633170,실속만점 가정용 하우스 한라봉&레드향,중과,2.5,1,32000.0,19750.0,12250,0.3828125,0,12800.0
YMM251231-00000030,SMF14158451,"[1+1이벤트]초고당도 타이벡 감귤, 1월 6일 출고 예정",일반,4.5,2,39000.0,29000.0,20000,0.2564102564102564,1,17333.333333333332
YMM251231-00000031,SMF14158451,"[1+1이벤트]초고당도 타이벡 감귤, 1월 6일 출고 예정",일반,4.5,1,39000.0,29000.0,10000,0.2564102564102564,1,8666.666666666666
YMM251231-00000032,SMF79565974,"해남 꿀고구마, 베니하루카 품종 포슬포슬",일반,5.0,1,22500.0,14100.0,8400,0.37333333333333335,0,4500.0
YMM251231-00000033,SMF78619818,과즙폭발 겨울의 꽃 조생 감귤,로얄과,4.5,1,19900.0,13200.0,6700,0.33668341708542715,0,4422.222222222223
YMM251231-00000034,SMF78619818,과즙폭발 겨울의 꽃 조생 감귤,로얄과,4.5,1,19900.0,13200.0,6700,0.33668341708542715,0,4422.222222222223
YMM251231-00000035,SMF78619818,과즙폭발 겨울의 꽃 조생 감귤,로얄과,4.5,1,19900.0,13200.0,6700,0.33668341708542715,0,4422.222222222223
YMM251231-00000036,SMF14158451,"[1+1이벤트]초고당도 타이벡 감귤, 1월 6일 출고 예정",일반,4.5,1,39000.0,29000.0,10000,0.2564102564102564,1,8666.666666666666
YMM251231-00000037,SMF78619818,과즙폭발 겨울의 꽃 조생 감귤,로얄과,4.5,1,19900.0,13200.0,6700,0.33668341708542715,0,4422.222222222223
YMM251231-00000038,SMF13606317,제주산 구좌 흙당근 비세척,일반,3.0,1,14000.0,9500.0,4500,0.32142857142857145,0,4666.666666666667
YMM251231-00000039,SMF28555734,[킹댕즈 보장!]초고당도 타이벡 감귤 2025년 첫수확,일반,9.0,1,39000.0,29000.0,10000,0.2564102564102564,0,4333.333333333333
YMM251231-00000040,SMF34633170,실속만점 가정용 하우스 한라봉&레드향,중과,2.5,1,32000.0,19750.0,12250,0.3828125,0,12800.0
YMM251231-00000041,SMF28555734,[킹댕즈 보장!]초고당도 타이벡 감귤 2025년 첫수확,일반,9.0,1,39000.0,29000.0,10000,0.2564102564102564,0,4333.333333333333
YMM251231-00000042,SMF28555734,[킹댕즈 보장!]초고당도 타이벡 감귤 2025년 첫수확,일반,9.0,1,39000.0,29000.0,10000,0.2564102564102564,0,4333.333333333333
YMM251231-00000043,SMF28555734,[킹댕즈 보장!]초고당도 타이벡 감귤 2025년 첫수확,일반,9.0,1,39000.0,29000.0,10000,0.2564102564102564,0,4333.333333333333
YMM251231-00000044,SMF28555734,[킹댕즈 보장!]초고당도 타이벡 감귤 2025년 첫수확,일반,4.5,1,29000.0,19000.0,10000,0.3448275862068966,0,6444.444444444444
YMM251231-00000046,SMF28555734,[킹댕즈 보장!]초고당도 타이벡 감귤 2025년 첫수확,일반,9.0,1,39000.0,29000.0,10000,0.2564102564102564,0,4333.333333333333
YMM251231-00000047,SMF28555734,[킹댕즈 보장!]초고당도 타이벡 감귤 2025년 첫수확,일반,4.5,1,29000.0,19000.0,10000,0.3448275862068966,0,6444.444444444444
YMM251231-00000048,SMF28555734,[킹댕즈 보장!]초고당도 타이벡 감귤 2025년 첫수확,일반,4.5,1,29000.0,19000.0,10000,0.3448275862068966,0,6444.444444444444
YMM251231-00000049,SMF28555734,[킹댕즈 보장!]초고당도 타이벡 감귤 2025년 첫수확,일반,4.5,1,29000.0,19000.0,10000,0.3448275862068966,0,6444.444444444444
YMM251231-00000050,SMF78619818,과즙폭발 겨울의 꽃 조생 감귤,로얄과,4.5,1,19900.0,13200.0,6700,0.33668341708542715,0,4422.222222222223
YMM251231-00000051,SMF24484057,초고당도 타이벡감귤 2025년 첫 수확,일반,5.0,1,29000.0,19000.0,10000,0.3448275862068966,0,5800.0
YMM251231-00000052,SMF78619818,과즙폭발 겨울의 꽃 조생 감귤,로얄과,4.5,1,19900.0,13200.0,6700,0.33668341708542715,0,4422.222222222223
YMM251231-00000055,SMF28555734,[킹댕즈 보장!]초고당도 타이벡 감귤 2025년 첫수확,일반,9.0,1,39000.0,29000.0,10000,0.2564102564102564,0,4333.333333333333
YMM251231-00000056,SMF28555734,[킹댕즈 보장!]초고당도 타이벡 감귤 2025년 첫수확,일반,9.0,1,39000.0,29000.0,10000,0.2564102564102564,0,4333.333333333333
YMM251231-00000057,SMF28555734,[킹댕즈 보장!]초고당도 타이벡 감귤 2025년 첫수확,일반,9.0,1,39000.0,29000.0,10000,0.2564102564102564,0,4333.333333333333
YMM251231-00000058,SMF14158451,"[1+1이벤트]초고당도 타이벡 감귤, 1월 6일 출고 예정",일반,4.5,1,39000.0,29000.0,10000,0.2564102564102564,1,8666.666666666666
YMM251231-00000059,SMF28555734,[킹댕즈 보장!]초고당도 타이벡 감귤 2025년 첫수확,일반,9.0,1,39000.0,29000.0,10000,0.2564102564102564,0,4333.333333333333
YMM251231-00000060,SMF14158451,"[1+1이벤트]초고당도 타이벡 감귤, 1월 6일 출고 예정",일반,4.5,1,39000.0,29000.0,10000,0.2564102564102564,1,8666.666666666666
YMM251231-00000062,SMF28555734,[킹댕즈 보장!]초고당도 타이벡 감귤 2025년 첫수확,일반,4.5,1,29000.0,19000.0,10000,0.3448275862068966,0,6444.444444444444
YMM251231-00000063,SMF79565974,"해남 꿀고구마, 베니하루카 품종 포슬포슬",일반,5.0,1,22500.0,13600.0,8900,0.39555555555555555,0,4500.0
YMM251231-00000067,SMF14158451,"[1+1이벤트]초고당도 타이벡 감귤, 1월 6일 출고 예정",일반,2.5,1,29000.0,19000.0,10000,0.3448275862068966,1,11600.0
YMM251231-00000068,SMF14158451,"[1+1이벤트]초고당도 타이벡 감귤, 1월 6일 출고 예정",일반,4.5,1,39000.0,29000.0,10000,0.2564102564102564,1,8666.666666666666
YMM251231-00000069,SMF28555734,[킹댕즈 보장!]초고당도 타이벡 감귤 2025년 첫수확,일반,9.0,1,39000.0,29000.0,10000,0.2564102564102564,0,4333.333333333333
YMM251231-00000070,SMF28555734,[킹댕즈 보장!]초고당도 타이벡 감귤 2025년 첫수확,일반,9.0,1,39000.0,29000.0,10000,0.2564102564102564,0,4333.333333333333
YMM260101-00000001,SMF28555734,[킹댕즈 보장!]초고당도 타이벡 감귤 2025년 첫수확,일반,9.0,1,39000.0,29000.0,10000,0.2564102564102564,0,4333.333333333333
YMM260101-00000002,SMF28555734,[킹댕즈 보장!]초고당도 타이벡 감귤 2025년 첫수확,일반,9.0,1,39000.0,29000.0,10000,0.2564102564102564,0,4333.333333333333
YMM260101-00000004,SMF28555734,[킹댕즈 보장!]초고당도 타이벡 감귤 2025년 첫수확,일반,4.5,1,29000.0,19000.0,10000,0.3448275862068966,0,6444.444444444444
YMM260101-00000005,SMF28555734,[킹댕즈 보장!]초고당도 타이벡 감귤 2025년 첫수확,일반,9.0,1,39000.0,29000.0,10000,0.2564102564102564,0,4333.333333333333
YMM260101-00000006,SMF28555734,[킹댕즈 보장!]초고당도 타이벡 감귤 2025년 첫수확,일반,4.5,1,29000.0,19000.0,10000,0.3448275862068966,0,6444.444444444444
YMM260101-00000007,SMF24484057,초고당도 타이벡감귤 2025년 첫 수확,일반,9.0,1,39000.0,29000.0,10000,0.2564102564102564,0,4333.333333333333
YMM260101-00000008,SMF28555734,[킹댕즈 보장!]초고당도 타이벡 감귤 2025년 첫수확,일반,4.5,1,29000.0,19000.0,10000,0.3448275862068966,0,6444.444444444444
YMM260101-00000009,SMF28555734,[킹댕즈 보장!]초고당도 타이벡 감귤 2025년 첫수확,일반,9.0,1,39000.0,29000.0,10000,0.2564102564102564,0,4333.333333333333
YMM260101-00000010,SMF28555734,[킹댕즈 보장!]초고당도 타이벡 감귤 2025년 첫수확,일반,4.5,1,29000.0,19000.0,10000,0.3448275862068966,0,6444.444444444444
YMM260101-00000011,SMF14158451,"[1+1이벤트]초고당도 타이벡 감귤, 1월 6일 출고 예정",일반,2.5,1,29000.0,19000.0,10000,0.3448275862068966,1,11600.0
YMM260101-00000012,SMF14158451,"[1+1이벤트]초고당도 타이벡 감귤, 1월 6일 출고 예정",일반,4.5,1,39000.0,29000.0,10000,0.2564102564102564,1,8666.666666666666
YMM260101-00000013,SMF78619818,과즙폭발 겨울의 꽃 조생 감귤,로얄과,2.5,1,14900.0,10000.0,4900,0.3288590604026846,0,5960.0
YMM260101-00000015,SMF28555734,[킹댕즈 보장!]초고당도 타이벡 감귤 2025년 첫수확,일반,9.0,1,39000.0,29000.0,10000,0.2564102564102564,0,4333.333333333333
YMM260101-00000016,SMF28555734,[킹댕즈 보장!]초고당도 타이벡 감귤 2025년 첫수확,일반,9.0,1,39000.0,29000.0,10000,0.2564102564102564,0,4333.333333333333
YMM260101-00000017,SMF28555734,[킹댕즈 보장!]초고당도 타이벡 감귤 2025년 첫수확,일반,9.0,1,39000.0,29000.0,10000,0.2564102564102564,0,4333.333333333333
YMM260101-00000018,SMF14158451,"[1+1이벤트]초고당도 타이벡 감귤, 1월 6일 출고 예정",일반,2.5,1,29000.0,19000.0,10000,0.3448275862068966,1,11600.0
YMM260101-00000019,SMF28555734,[킹댕즈 보장!]초고당도 타이벡 감귤 2025년 첫수확,일반,9.0,1,39000.0,29000.0,10000,0.2564102564102564,0,4333.333333333333
YMM260101-00000020,SMF14158451,"[1+1이벤트]초고당도 타이벡 감귤, 1월 6일 출고 예정",일반,4.5,1,39000.0,29000.0,10000,0.2564102564102564,1,8666.666666666666
YMM260101-00000021,SMF14158451,"[1+1이벤트]초고당도 타이벡 감귤, 1월 6일 출고 예정",일반,2.5,1,29000.0,19000.0,10000,0.3448275862068966,1,11600.0
YMM260101-00000022,SMF14158451,"[1+1이벤트]초고당도 타이벡 감귤, 1월 6일 출고 예정",일반,2.5,1,29000.0,19000.0,10000,0.3448275862068966,1,11600.0
YMM260101-00000026,SMF28555734,[킹댕즈 보장!]초고당도 타이벡 감귤 2025년 첫수확,일반,9.0,1,39000.0,29000.0,10000,0.2564102564102564,0,4333.333333333333
YMM260101-00000028,SMF14158451,"[1+1이벤트]초고당도 타이벡 감귤, 1월 6일 출고 예정",일반,4.5,1,39000.0,29000.0,10000,0.2564102564102564,1,8666.666666666666
YMM260101-00000029,SMF14158451,"[1+1이벤트]초고당도 타이벡 감귤, 1월 6일 출고 예정",일반,4.5,1,39000.0,29000.0,10000,0.2564102564102564,1,8666.666666666666
YMM260101-00000030,SMF28555734,[킹댕즈 보장!]초고당도 타이벡 감귤 2025년 첫수확,일반,4.5,1,29000.0,19000.0,10000,0.3448275862068966,0,6444.444444444444
YMM260101-00000031,SMF28555734,[킹댕즈 보장!]초고당도 타이벡 감귤 2025년 첫수확,일반,4.5,1,29000.0,19000.0,10000,0.3448275862068966,0,6444.444444444444
YMM260101-00000032,SMF34633170,실속만점 가정용 하우스 한라봉&레드향,중과,2.5,1,32000.0,19750.0,12250,0.3828125,0,12800.0
YMM260101-00000033,SMF28555734,[킹댕즈 보장!]초고당도 타이벡 감귤 2025년 첫수확,일반,4.5,1,29000.0,19000.0,10000,0.3448275862068966,0,6444.444444444444
YMM260101-00000034,SMF28555734,[킹댕즈 보장!]초고당도 타이벡 감귤 2025년 첫수확,일반,9.0,1,39000.0,29000.0,10000,0.2564102564102564,0,4333.333333333333
YMM260101-00000035,SMF14158451,"[1+1이벤트]초고당도 타이벡 감귤, 1월 6일 출고 예정",일반,2.5,1,29000.0,19000.0,10000,0.3448275862068966,1,11600.0
YMM260101-00000036,SMF28555734,[킹댕즈 보장!]초고당도 타이벡 감귤 2025년 첫수확,일반,9.0,1,39000.0,29000.0,10000,0.2564102564102564,0,4333.333333333333
YMM260101-00000037,SMF14158451,"[1+1이벤트]초고당도 타이벡 감귤, 1월 6일 출고 예정",일반,4.5,1,39000.0,29000.0,10000,0.2564102564102564,1,8666.666666666666
YMM260101-00000038,SMF28555734,[킹댕즈 보장!]초고당도 타이벡 감귤 2025년 첫수확,일반,9.0,1,39000.0,29000.0,10000,0.2564102564102564,0,4333.333333333333
YMM260101-00000040,SMF14158451,"[1+1이벤트]초고당도 타이벡 감귤, 1월 6일 출고 예정",일반,4.5,1,39000.0,29000.0,10000,0.2564102564102564,1,8666.666666666666
YMM260101-00000043,SMF14158451,"[1+1이벤트]초고당도 타이벡 감귤, 1월 6일 출고 예정",일반,4.5,1,39000.0,29000.0,10000,0.2564102564102564,1,8666.666666666666
YMM260101-00000044,SMF28555734,[킹댕즈 보장!]초고당도 타이벡 감귤 2025년 첫수확,일반,9.0,1,39000.0,29000.0,10000,0.2564102564102564,0,4333.333333333333
YMM260101-00000045,SMF28555734,[킹댕즈 보장!]초고당도 타이벡 감귤 2025년 첫수확,일반,9.0,1,39000.0,29000.0,10000,0.2564102564102564,0,4333.333333333333
YMM260101-00000047,SMF28555734,[킹댕즈 보장!]초고당도 타이벡 감귤 2025년 첫수확,일반,9.0,1,39000.0,29000.0,10000,0.2564102564102564,0,4333.333333333333
YMM260101-00000049,SMF28555734,[킹댕즈 보장!]초고당도 타이벡 감귤 2025년 첫수확,일반,9.0,1,39000.0,29000.0,10000,0.2564102564102564,0,4333.333333333333
YMM260101-00000050,SMF79565974,"해남 꿀고구마, 베니하루카 품종 포슬포슬",일반,3.0,1,15900.0,9200.0,6700,0.42138364779874216,0,5300.0
YMM260101-00000051,SMF14158451,"[1+1이벤트]초고당도 타이벡 감귤, 1월 6일 출고 예정",일반,4.5,1,39000.0,29000.0,10000,0.2564102564102564,1,8666.666666666666
YMM260101-00000052,SMF34633170,실속만점 가정용 하우스 한라봉&레드향,대과,4.5,2,48750.0,30400.0,36700,0.3764102564102564,0,21666.666666666668
YMM260101-00000053,SMF14158451,"[1+1이벤트]초고당도 타이벡 감귤, 1월 6일 출고 예정",일반,4.5,1,39000.0,29000.0,10000,0.2564102564102564,1,8666.666666666666
YMM260101-00000054,SMF28555734,[킹댕즈 보장!]초고당도 타이벡 감귤 2025년 첫수확,일반,4.5,1,29000.0,19000.0,10000,0.3448275862068966,0,6444.444444444444
YMM260101-00000055,SMF28555734,[킹댕즈 보장!]초고당도 타이벡 감귤 2025년 첫수확,일반,4.5,1,29000.0,19000.0,10000,0.3448275862068966,0,6444.444444444444
YMM260101-00000056,SMF28555734,[킹댕즈 보장!]초고당도 타이벡 감귤 2025년 첫수확,일반,9.0,1,39000.0,29000.0,10000,0.2564102564102564,0,4333.333333333333
YMM260101-00000057,SMF28555734,[킹댕즈 보장!]초고당도 타이벡 감귤 2025년 첫수확,일반,9.0,1,39000.0,29000.0,10000,0.2564102564102564,0,4333.333333333333
YMM260101-00000059,SMF13606317,제주산 구좌 흙당근 비세척,일반,3.0,1,14000.0,9500.0,4500,0.32142857142857145,0,4666.666666666667
YMM260101-00000060,SMF79565974,"해남 꿀고구마, 베니하루카 품종 포슬포슬",일반,2.0,1,11500.0,7200.0,4300,0.3739130434782609,0,5750.0
YMM260101-00000061,SMF28555734,[킹댕즈 보장!]초고당도 타이벡 감귤 2025년 첫수확,일반,4.5,1,29000.0,19000.0,10000,0.3448275862068966,0,6444.444444444444
YMM260101-00000062,SMF28555734,[킹댕즈 보장!]초고당도 타이벡 감귤 2025년 첫수확,일반,4.5,1,29000.0,19000.0,10000,0.3448275862068966,0,6444.444444444444
YMM260101-00000063,SMF28555734,[킹댕즈 보장!]초고당도 타이벡 감귤 2025년 첫수확,일반,4.5,1,29000.0,19000.0,10000,0.3448275862068966,0,6444.444444444444
YMM260101-00000064,SMF14158451,"[1+1이벤트]초고당도 타이벡 감귤, 1월 6일 출고 예정",일반,4.5,1,39000.0,29000.0,10000,0.2564102564102564,1,8666.666666666666
YMM260101-00000065,SMF28555734,[킹댕즈 보장!]초고당도 타이벡 감귤 2025년 첫수확,일반,9.0,1,39000.0,29000.0,10000,0.2564102564102564,0,4333.333333333333
YMM260101-00000066,SMF28555734,[킹댕즈 보장!]초고당도 타이벡 감귤 2025년 첫수확,일반,4.5,1,29000.0,19000.0,10000,0.3448275862068966,0,6444.444444444444
YMM260101-00000067,SMF28555734,[킹댕즈 보장!]초고당도 타이벡 감귤 2025년 첫수확,일반,9.0,1,39000.0,29000.0,10000,0.2564102564102564,0,4333.333333333333
YMM260101-00000068,SMF13606317,제주산 구좌 흙당근 비세척,일반,3.0,1,14000.0,9500.0,4500,0.32142857142857145,0,4666.666666666667
YMM260101-00000071,SMF28555734,[킹댕즈 보장!]초고당도 타이벡 감귤 2025년 첫수확,일반,9.0,1,39000.0,29000.0,10000,0.2564102564102564,0,4333.333333333333
YMM260101-00000072,SMF28555734,[킹댕즈 보장!]초고당도 타이벡 감귤 2025년 첫수확,일반,9.0,1,39000.0,29000.0,10000,0.2564102564102564,0,4333.333333333333
YMM260101-00000073,SMF79565974,"해남 꿀고구마, 베니하루카 품종 포슬포슬",일반,5.0,1,16900.0,9600.0,7300,0.4319526627218935,0,3380.0
YMM260101-00000074,SMF78619818,과즙폭발 겨울의 꽃 조생 감귤,로얄과,4.5,2,19900.0,13200.0,13400,0.33668341708542715,0,8844.444444444445
YMM260101-00000075,SMF28555734,[킹댕즈 보장!]초고당도 타이벡 감귤 2025년 첫수확,일반,4.5,1,29000.0,19000.0,10000,0.3448275862068966,0,6444.444444444444
YMM260101-00000078,SMF28555734,[킹댕즈 보장!]초고당도 타이벡 감귤 2025년 첫수확,일반,9.0,1,39000.0,29000.0,10000,0.2564102564102564,0,4333.333333333333
YMM260101-00000081,SMF87201852,초고당도 타이벡감귤 2025년 첫 수확,일반,5.0,1,35000.0,20000.0,15000,0.42857142857142855,0,7000.0
YMM260101-00000082,SMF28555734,[킹댕즈 보장!]초고당도 타이벡 감귤 2025년 첫수확,일반,9.0,1,39000.0,29000.0,10000,0.2564102564102564,0,4333.333333333333
YMM260101-00000083,SMF87201852,초고당도 타이벡감귤 2025년 첫 수확,일반,5.0,1,35000.0,20000.0,15000,0.42857142857142855,0,7000.0
YMM260101-00000084,SMF28555734,[킹댕즈 보장!]초고당도 타이벡 감귤 2025년 첫수확,일반,4.5,1,29000.0,19000.0,10000,0.3448275862068966,0,6444.444444444444
YMM260101-00000085,SMF28555734,[킹댕즈 보장!]초고당도 타이벡 감귤 2025년 첫수확,일반,9.0,1,39000.0,29000.0,10000,0.2564102564102564,0,4333.333333333333
YMM260101-00000086,SMF28555734,[킹댕즈 보장!]초고당도 타이벡 감귤 2025년 첫수확,일반,9.0,1,39000.0,29000.0,10000,0.2564102564102564,0,4333.333333333333
YMM260101-00000087,SMF28555734,[킹댕즈 보장!]초고당도 타이벡 감귤 2025년 첫수확,일반,9.0,1,39000.0,29000.0,10000,0.2564102564102564,0,4333.333333333333
YMM260102-00000003,SMF34633170,실속만점 가정용 하우스 한라봉&레드향,소과,2.5,2,28000.0,17125.0,21750,0.38839285714285715,0,22400.0
YMM260102-00000004,SMF28555734,[킹댕즈 보장!]초고당도 타이벡 감귤 2025년 첫수확,일반,9.0,1,39000.0,29000.0,10000,0.2564102564102564,0,4333.333333333333
YMM260102-00000006,SMF79565974,"해남 꿀고구마, 베니하루카 품종 포슬포슬",일반,2.0,1,11500.0,7200.0,4300,0.3739130434782609,0,5750.0
YMM260102-00000007,SMF28555734,[킹댕즈 보장!]초고당도 타이벡 감귤 2025년 첫수확,일반,9.0,1,39000.0,29000.0,10000,0.2564102564102564,0,4333.333333333333
YMM260102-00000008,SMF14158451,"[1+1이벤트]초고당도 타이벡 감귤, 1월 6일 출고 예정",일반,2.5,1,29000.0,19000.0,10000,0.3448275862068966,1,11600.0
YMM260102-00000009,SMF78619818,과즙폭발 겨울의 꽃 조생 감귤,로얄과,2.5,1,14900.0,10000.0,4900,0.3288590604026846,0,5960.0
YMM260102-00000010,SMF28555734,[킹댕즈 보장!]초고당도 타이벡 감귤 2025년 첫수확,일반,4.5,1,29000.0,19000.0,10000,0.3448275862068966,0,6444.444444444444
YMM260102-00000012,SMF28555734,[킹댕즈 보장!]초고당도 타이벡 감귤 2025년 첫수확,일반,4.5,1,29000.0,19000.0,10000,0.3448275862068966,0,6444.444444444444
YMM260102-00000013,SMF13606317,제주산 구좌 흙당근 비세척,일반,3.0,1,14000.0,9500.0,4500,0.32142857142857145,0,4666.666666666667
YMM260102-00000014,SMF28555734,[킹댕즈 보장!]초고당도 타이벡 감귤 2025년 첫수확,일반,9.0,1,39000.0,29000.0,10000,0.2564102564102564,0,4333.333333333333
YMM260102-00000015,SMF28555734,[킹댕즈 보장!]초고당도 타이벡 감귤 2025년 첫수확,일반,9.0,1,39000.0,29000.0,10000,0.2564102564102564,0,4333.333333333333
YMM260102-00000016,SMF34633170,실속만점 가정용 하우스 한라봉&레드향,소과,4.5,1,35000.0,22300.0,12700,0.3628571428571429,0,7777.777777777777
YMM260102-00000017,SMF28555734,[킹댕즈 보장!]초고당도 타이벡 감귤 2025년 첫수확,일반,9.0,1,39000.0,29000.0,10000,0.2564102564102564,0,4333.333333333333
YMM260102-00000018,SMF28555734,[킹댕즈 보장!]초고당도 타이벡 감귤 2025년 첫수확,일반,9.0,1,39000.0,29000.0,10000,0.2564102564102564,0,4333.333333333333
YMM260102-00000019,SMF28555734,[킹댕즈 보장!]초고당도 타이벡 감귤 2025년 첫수확,일반,4.5,1,29000.0,19000.0,10000,0.3448275862068966,0,6444.444444444444
YMM260102-00000020,SMF28555734,[킹댕즈 보장!]초고당도 타이벡 감귤 2025년 첫수확,일반,4.5,1,29000.0,19000.0,10000,0.3448275862068966,0,6444.444444444444
YMM260102-00000021,SMF28555734,[킹댕즈 보장!]초고당도 타이벡 감귤 2025년 첫수확,일반,4.5,1,29000.0,19000.0,10000,0.3448275862068966,0,6444.444444444444
YMM260102-00000022,SMF28555734,[킹댕즈 보장!]초고당도 타이벡 감귤 2025년 첫수확,일반,4.5,1,29000.0,19000.0,10000,0.3448275862068966,0,6444.444444444444
YMM260102-00000023,SMF28555734,[킹댕즈 보장!]초고당도 타이벡 감귤 2025년 첫수확,일반,4.5,1,29000.0,19000.0,10000,0.3448275862068966,0,6444.444444444444
YMM260102-00000024,SMF28555734,[킹댕즈 보장!]초고당도 타이벡 감귤 2025년 첫수확,일반,4.5,1,29000.0,19000.0,10000,0.3448275862068966,0,6444.444444444444
YMM260102-00000025,SMF28555734,[킹댕즈 보장!]초고당도 타이벡 감귤 2025년 첫수확,일반,4.5,1,29000.0,19000.0,10000,0.3448275862068966,0,6444.444444444444
YMM260102-00000026,SMF14158451,"[1+1이벤트]초고당도 타이벡 감귤, 1월 6일 출고 예정",일반,4.5,1,39000.0,29000.0,10000,0.2564102564102564,1,8666.666666666666
YMM260102-00000027,SMF28555734,[킹댕즈 보장!]초고당도 타이벡 감귤 2025년 첫수확,일반,9.0,1,39000.0,29000.0,10000,0.2564102564102564,0,4333.333333333333
YMM260102-00000028,SMF34633170,실속만점 가정용 하우스 한라봉&레드향,중과,4.5,1,39000.0,24550.0,14450,0.37051282051282053,0,8666.666666666666
YMM260102-00000029,SMF79565974,"해남 꿀고구마, 베니하루카 품종 포슬포슬",일반,5.0,1,22500.0,14100.0,8400,0.37333333333333335,0,4500.0
YMM260102-00000031,SMF28555734,[킹댕즈 보장!]초고당도 타이벡 감귤 2025년 첫수확,일반,4.5,1,29000.0,19000.0,10000,0.3448275862068966,0,6444.444444444444
YMM260102-00000032,SMF28555734,[킹댕즈 보장!]초고당도 타이벡 감귤 2025년 첫수확,일반,9.0,1,39000.0,29000.0,10000,0.2564102564102564,0,4333.333333333333
YMM260102-00000033,SMF28555734,[킹댕즈 보장!]초고당도 타이벡 감귤 2025년 첫수확,일반,9.0,1,39000.0,29000.0,10000,0.2564102564102564,0,4333.333333333333
YMM260102-00000034,SMF14158451,"[1+1이벤트]초고당도 타이벡 감귤, 1월 6일 출고 예정",일반,4.5,1,39000.0,29000.0,10000,0.2564102564102564,1,8666.666666666666
YMM260102-00000035,SMF34633170,실속만점 가정용 하우스 한라봉&레드향,중과,2.5,1,32000.0,19750.0,12250,0.3828125,0,12800.0
YMM260102-00000036,SMF78619818,과즙폭발 겨울의 꽃 조생 감귤,로얄과,4.5,1,19900.0,13200.0,6700,0.33668341708542715,0,4422.222222222223
YMM260102-00000037,SMF79565974,"해남 꿀고구마, 베니하루카 품종 포슬포슬",일반,5.0,1,22500.0,13600.0,8900,0.39555555555555555,0,4500.0
YMM260102-00000038,SMF14158451,"[1+1이벤트]초고당도 타이벡 감귤, 1월 6일 출고 예정",일반,4.5,1,39000.0,29000.0,10000,0.2564102564102564,1,8666.666666666666
YMM260102-00000039,SMF13606317,제주산 구좌 흙당근 비세척,일반,5.0,1,18000.0,12000.0,6000,0.3333333333333333,0,3600.0
YMM260102-00000040,SMF14158451,"[1+1이벤트]초고당도 타이벡 감귤, 1월 6일 출고 예정",일반,4.5,1,39000.0,29000.0,10000,0.2564102564102564,1,8666.666666666666
YMM260102-00000041,SMF79565974,"해남 꿀고구마, 베니하루카 품종 포슬포슬",일반,3.0,1,15900.0,9200.0,6700,0.42138364779874216,0,5300.0
YMM260102-00000042,SMF28555734,[킹댕즈 보장!]초고당도 타이벡 감귤 2025년 첫수확,일반,9.0,1,39000.0,29000.0,10000,0.2564102564102564,0,4333.333333333333
YMM260102-00000043,SMF14158451,"[1+1이벤트]초고당도 타이벡 감귤, 1월 6일 출고 예정",일반,2.5,1,29000.0,19000.0,10000,0.3448275862068966,1,11600.0
YMM260102-00000044,SMF28555734,[킹댕즈 보장!]초고당도 타이벡 감귤 2025년 첫수확,일반,9.0,1,39000.0,29000.0,10000,0.2564102564102564,0,4333.333333333333
YMM260102-00000045,SMF28555734,[킹댕즈 보장!]초고당도 타이벡 감귤 2025년 첫수확,일반,9.0,1,39000.0,29000.0,10000,0.2564102564102564,0,4333.333333333333
YMM260102-00000046,SMF78619818,과즙폭발 겨울의 꽃 조생 감귤,로얄과,4.5,1,19900.0,13200.0,6700,0.33668341708542715,0,4422.222222222223
YMM260102-00000047,SMF78619818,과즙폭발 겨울의 꽃 조생 감귤,로얄과,4.5,1,19900.0,13200.0,6700,0.33668341708542715,0,4422.222222222223
YMM260102-00000048,SMF78619818,과즙폭발 겨울의 꽃 조생 감귤,로얄과,4.5,2,19900.0,13200.0,13400,0.33668341708542715,0,8844.444444444445
YMM260102-00000049,SMF28555734,[킹댕즈 보장!]초고당도 타이벡 감귤 2025년 첫수확,일반,4.5,1,29000.0,19000.0,10000,0.3448275862068966,0,6444.444444444444
YMM260102-00000050,SMF14158451,"[1+1이벤트]초고당도 타이벡 감귤, 1월 6일 출고 예정",일반,4.5,1,39000.0,29000.0,10000,0.2564102564102564,1,8666.666666666666
YMM260102-00000051,SMF14158451,"[1+1이벤트]초고당도 타이벡 감귤, 1월 6일 출고 예정",일반,4.5,1,39000.0,29000.0,10000,0.2564102564102564,1,8666.666666666666
YMM260102-00000052,SMF28555734,[킹댕즈 보장!]초고당도 타이벡 감귤 2025년 첫수확,일반,9.0,1,39000.0,29000.0,10000,0.2564102564102564,0,4333.333333333333
YMM260102-00000054,SMF28555734,[킹댕즈 보장!]초고당도 타이벡 감귤 2025년 첫수확,일반,4.5,1,29000.0,19000.0,10000,0.3448275862068966,0,6444.444444444444
YMM260102-00000055,SMF14158451,"[1+1이벤트]초고당도 타이벡 감귤, 1월 6일 출고 예정",일반,4.5,1,39000.0,29000.0,10000,0.2564102564102564,1,8666.666666666666
YMM260102-00000056,SMF14158451,"[1+1이벤트]초고당도 타이벡 감귤, 1월 6일 출고 예정",일반,4.5,1,39000.0,29000.0,10000,0.2564102564102564,1,8666.666666666666
YMM260102-00000057,SMF28555734,[킹댕즈 보장!]초고당도 타이벡 감귤 2025년 첫수확,일반,9.0,1,39000.0,29000.0,10000,0.2564102564102564,0,4333.333333333333
YMM260102-00000058,SMF14158451,"[1+1이벤트]초고당도 타이벡 감귤, 1월 6일 출고 예정",일반,4.5,1,39000.0,29000.0,10000,0.2564102564102564,1,8666.666666666666
YMM260102-00000059,SMF14158451,"[1+1이벤트]초고당도 타이벡 감귤, 1월 6일 출고 예정",일반,4.5,1,39000.0,29000.0,10000,0.2564102564102564,1,8666.666666666666
YMM260102-00000060,SMF14158451,"[1+1이벤트]초고당도 타이벡 감귤, 1월 6일 출고 예정",일반,2.5,1,29000.0,19000.0,10000,0.3448275862068966,1,11600.0
YMM260102-00000061,SMF78619818,과즙폭발 겨울의 꽃 조생 감귤,로얄과,4.5,1,19900.0,13200.0,6700,0.33668341708542715,0,4422.222222222223
YMM260102-00000062,SMF79565974,"해남 꿀고구마, 베니하루카 품종 포슬포슬",일반,5.0,1,22500.0,13600.0,8900,0.39555555555555555,0,4500.0
YMM260102-00000063,SMF14158451,"[1+1이벤트]초고당도 타이벡 감귤, 1월 6일 출고 예정",일반,2.5,1,29000.0,19000.0,10000,0.3448275862068966,1,11600.0
YMM260102-00000064,SMF28555734,[킹댕즈 보장!]초고당도 타이벡 감귤 2025년 첫수확,일반,9.0,1,39000.0,29000.0,10000,0.2564102564102564,0,4333.333333333333
YMM260102-00000065,SMF28555734,[킹댕즈 보장!]초고당도 타이벡 감귤 2025년 첫수확,일반,9.0,1,39000.0,29000.0,10000,0.2564102564102564,0,4333.333333333333
YMM260102-00000066,SMF14158451,"[1+1이벤트]초고당도 타이벡 감귤, 1월 6일 출고 예정",일반,2.5,1,29000.0,19000.0,10000,0.3448275862068966,1,11600.0
YMM260102-00000067,SMF34633170,실속만점 가정용 하우스 한라봉&레드향,중과,2.5,1,32000.0,19750.0,12250,0.3828125,0,12800.0
YMM260102-00000068,SMF28555734,[킹댕즈 보장!]초고당도 타이벡 감귤 2025년 첫수확,일반,4.5,1,29000.0,19000.0,10000,0.3448275862068966,0,6444.444444444444
YMM260102-00000069,SMF28555734,[킹댕즈 보장!]초고당도 타이벡 감귤 2025년 첫수확,일반,4.5,1,29000.0,19000.0,10000,0.3448275862068966,0,6444.444444444444
YMM260102-00000070,SMF28555734,[킹댕즈 보장!]초고당도 타이벡 감귤 2025년 첫수확,일반,4.5,1,29000.0,19000.0,10000,0.3448275862068966,0,6444.444444444444
YMM260102-00000071,SMF78619818,과즙폭발 겨울의 꽃 조생 감귤,로얄과,4.5,1,19900.0,13200.0,6700,0.33668341708542715,0,4422.222222222223
YMM260102-00000072,SMF28555734,[킹댕즈 보장!]초고당도 타이벡 감귤 2025년 첫수확,일반,9.0,1,39000.0,29000.0,10000,0.2564102564102564,0,4333.333333333333
YMM260102-00000073,SMF14158451,"[1+1이벤트]초고당도 타이벡 감귤, 1월 6일 출고 예정",일반,2.5,1,29000.0,19000.0,10000,0.3448275862068966,1,11600.0
YMM260102-00000074,SMF78619818,과즙폭발 겨울의 꽃 조생 감귤,로얄과,4.5,1,19900.0,13200.0,6700,0.33668341708542715,0,4422.222222222223
YMM260102-00000076,SMF78619818,과즙폭발 겨울의 꽃 조생 감귤,로얄과,4.5,2,19900.0,13200.0,13400,0.33668341708542715,0,8844.444444444445
YMM260102-00000077,SMF28555734,[킹댕즈 보장!]초고당도 타이벡 감귤 2025년 첫수확,일반,9.0,1,39000.0,29000.0,10000,0.2564102564102564,0,4333.333333333333
YMM260102-00000078,SMF28555734,[킹댕즈 보장!]초고당도 타이벡 감귤 2025년 첫수확,일반,9.0,1,39000.0,29000.0,10000,0.2564102564102564,0,4333.333333333333
YMM260102-00000079,SMF28555734,[킹댕즈 보장!]초고당도 타이벡 감귤 2025년 첫수확,일반,9.0,1,39000.0,29000.0,10000,0.2564102564102564,0,4333.333333333333
YMM260102-00000080,SMF28555734,[킹댕즈 보장!]초고당도 타이벡 감귤 2025년 첫수확,일반,4.5,1,29000.0,19000.0,10000,0.3448275862068966,0,6444.444444444444
YMM260102-00000081,SMF28555734,[킹댕즈 보장!]초고당도 타이벡 감귤 2025년 첫수확,일반,9.0,2,39000.0,29000.0,20000,0.2564102564102564,0,8666.666666666666
YMM260102-00000082,SMF28555734,[킹댕즈 보장!]초고당도 타이벡 감귤 2025년 첫수확,일반,9.0,1,39000.0,29000.0,10000,0.2564102564102564,0,4333.333333333333
YMM260102-00000084,SMF28555734,[킹댕즈 보장!]초고당도 타이벡 감귤 2025년 첫수확,일반,9.0,1,39000.0,29000.0,10000,0.2564102564102564,0,4333.333333333333
YMM260102-00000085,SMF28555734,[킹댕즈 보장!]초고당도 타이벡 감귤 2025년 첫수확,일반,9.0,1,39000.0,29000.0,10000,0.2564102564102564,0,4333.333333333333
YMM260102-00000086,SMF28555734,[킹댕즈 보장!]초고당도 타이벡 감귤 2025년 첫수확,일반,9.0,1,39000.0,29000.0,10000,0.2564102564102564,0,4333.333333333333
YMM260102-00000087,SMF28555734,[킹댕즈 보장!]초고당도 타이벡 감귤 2025년 첫수확,일반,9.0,1,39000.0,29000.0,10000,0.2564102564102564,0,4333.333333333333
YMM260102-00000088,SMF28555734,[킹댕즈 보장!]초고당도 타이벡 감귤 2025년 첫수확,일반,9.0,1,39000.0,29000.0,10000,0.2564102564102564,0,4333.333333333333
YMM260102-00000089,SMF14158451,"[1+1이벤트]초고당도 타이벡 감귤, 1월 6일 출고 예정",일반,2.5,1,29000.0,19000.0,10000,0.3448275862068966,1,11600.0
YMM260102-00000090,SMF13606317,제주산 구좌 흙당근 비세척,일반,5.0,1,19500.0,13500.0,6000,0.3076923076923077,0,3900.0
YMM260102-00000092,SMF28555734,[킹댕즈 보장!]초고당도 타이벡 감귤 2025년 첫수확,일반,4.5,1,29000.0,19000.0,10000,0.3448275862068966,0,6444.444444444444
YMM260102-00000093,SMF28555734,[킹댕즈 보장!]초고당도 타이벡 감귤 2025년 첫수확,일반,9.0,1,39000.0,29000.0,10000,0.2564102564102564,0,4333.333333333333
YMM260102-00000095,SMF14158451,"[1+1이벤트]초고당도 타이벡 감귤, 1월 6일 출고 예정",일반,4.5,1,39000.0,29000.0,10000,0.2564102564102564,1,8666.666666666666
YMM260102-00000096,SMF28555734,[킹댕즈 보장!]초고당도 타이벡 감귤 2025년 첫수확,일반,9.0,1,39000.0,29000.0,10000,0.2564102564102564,0,4333.333333333333
YMM260102-00000099,SMF14158451,"[1+1이벤트]초고당도 타이벡 감귤, 1월 6일 출고 예정",일반,4.5,5,39000.0,29000.0,50000,0.2564102564102564,1,43333.333333333336
YMM260102-00000100,SMF28555734,[킹댕즈 보장!]초고당도 타이벡 감귤 2025년 첫수확,일반,9.0,1,39000.0,29000.0,10000,0.2564102564102564,0,4333.333333333333
YMM260102-00000101,SMF14158451,"[1+1이벤트]초고당도 타이벡 감귤, 1월 6일 출고 예정",일반,4.5,1,39000.0,29000.0,10000,0.2564102564102564,1,8666.666666666666
YMM260102-00000102,SMF28555734,[킹댕즈 보장!]초고당도 타이벡 감귤 2025년 첫수확,일반,9.0,1,39000.0,29000.0,10000,0.2564102564102564,0,4333.333333333333
YMM260102-00000103,SMF28555734,[킹댕즈 보장!]초고당도 타이벡 감귤 2025년 첫수확,일반,4.5,1,29000.0,19000.0,10000,0.3448275862068966,0,6444.444444444444
YMM260102-00000107,SMF28555734,[킹댕즈 보장!]초고당도 타이벡 감귤 2025년 첫수확,일반,4.5,1,29000.0,19000.0,10000,0.3448275862068966,0,6444.444444444444
YMM260102-00000108,SMF28555734,[킹댕즈 보장!]초고당도 타이벡 감귤 2025년 첫수확,일반,4.5,1,29000.0,19000.0,10000,0.3448275862068966,0,6444.444444444444
YMM260103-00000001,SMF28555734,[킹댕즈 보장!]초고당도 타이벡 감귤 2025년 첫수확,일반,4.5,1,29000.0,19000.0,10000,0.3448275862068966,0,6444.444444444444
YMM260103-00000002,SMF28555734,[킹댕즈 보장!]초고당도 타이벡 감귤 2025년 첫수확,일반,9.0,1,39000.0,29000.0,10000,0.2564102564102564,0,4333.333333333333
YMM260103-00000003,SMF14158451,"[1+1이벤트]초고당도 타이벡 감귤, 1월 6일 출고 예정",일반,4.5,1,39000.0,29000.0,10000,0.2564102564102564,1,8666.666666666666
YMM260103-00000004,SMF28555734,[킹댕즈 보장!]초고당도 타이벡 감귤 2025년 첫수확,일반,4.5,1,29000.0,19000.0,10000,0.3448275862068966,0,6444.444444444444
YMM260103-00000005,SMF28555734,[킹댕즈 보장!]초고당도 타이벡 감귤 2025년 첫수확,일반,9.0,1,39000.0,29000.0,10000,0.2564102564102564,0,4333.333333333333
YMM260103-00000006,SMF28555734,[킹댕즈 보장!]초고당도 타이벡 감귤 2025년 첫수확,일반,9.0,1,39000.0,29000.0,10000,0.2564102564102564,0,4333.333333333333
YMM260103-00000007,SMF14158451,"[1+1이벤트]초고당도 타이벡 감귤, 1월 6일 출고 예정",일반,4.5,1,39000.0,29000.0,10000,0.2564102564102564,1,8666.666666666666
YMM260103-00000008,SMF28555734,[킹댕즈 보장!]초고당도 타이벡 감귤 2025년 첫수확,일반,9.0,1,39000.0,29000.0,10000,0.2564102564102564,0,4333.333333333333
YMM260103-00000009,SMF28555734,[킹댕즈 보장!]초고당도 타이벡 감귤 2025년 첫수확,일반,9.0,1,39000.0,29000.0,10000,0.2564102564102564,0,4333.333333333333
YMM260103-00000010,SMF28555734,[킹댕즈 보장!]초고당도 타이벡 감귤 2025년 첫수확,일반,9.0,1,39000.0,29000.0,10000,0.2564102564102564,0,4333.333333333333
YMM260103-00000011,SMF28555734,[킹댕즈 보장!]초고당도 타이벡 감귤 2025년 첫수확,일반,9.0,1,39000.0,29000.0,10000,0.2564102564102564,0,4333.333333333333
YMM260103-00000012,SMF28555734,[킹댕즈 보장!]초고당도 타이벡 감귤 2025년 첫수확,일반,9.0,1,39000.0,29000.0,10000,0.2564102564102564,0,4333.333333333333
YMM260103-00000013,SMF28555734,[킹댕즈 보장!]초고당도 타이벡 감귤 2025년 첫수확,일반,4.5,1,29000.0,19000.0,10000,0.3448275862068966,0,6444.444444444444
YMM260103-00000014,SMF14158451,"[1+1이벤트]초고당도 타이벡 감귤, 1월 6일 출고 예정",일반,2.5,1,29000.0,19000.0,10000,0.3448275862068966,1,11600.0
YMM260103-00000015,SMF14158451,"[1+1이벤트]초고당도 타이벡 감귤, 1월 6일 출고 예정",일반,2.5,1,29000.0,19000.0,10000,0.3448275862068966,1,11600.0
YMM260103-00000016,SMF14158451,"[1+1이벤트]초고당도 타이벡 감귤, 1월 6일 출고 예정",일반,2.5,1,29000.0,19000.0,10000,0.3448275862068966,1,11600.0
YMM260103-00000017,SMF14158451,"[1+1이벤트]초고당도 타이벡 감귤, 1월 6일 출고 예정",일반,4.5,1,39000.0,29000.0,10000,0.2564102564102564,1,8666.666666666666
YMM260103-00000018,SMF14158451,"[1+1이벤트]초고당도 타이벡 감귤, 1월 6일 출고 예정",일반,2.5,1,29000.0,19000.0,10000,0.3448275862068966,1,11600.0
YMM260103-00000019,SMF14158451,"[1+1이벤트]초고당도 타이벡 감귤, 1월 6일 출고 예정",일반,2.5,1,29000.0,19000.0,10000,0.3448275862068966,1,11600.0
YMM260103-00000021,SMF79565974,"해남 꿀고구마, 베니하루카 품종 포슬포슬",일반,5.0,1,22500.0,14100.0,8400,0.37333333333333335,0,4500.0
YMM260103-00000022,SMF14158451,"[1+1이벤트]초고당도 타이벡 감귤, 1월 6일 출고 예정",일반,4.5,1,39000.0,29000.0,10000,0.2564102564102564,1,8666.666666666666
YMM260103-00000023,SMF14158451,"[1+1이벤트]초고당도 타이벡 감귤, 1월 6일 출고 예정",일반,2.5,1,29000.0,19000.0,10000,0.3448275862068966,1,11600.0
YMM260103-00000024,SMF14158451,"[1+1이벤트]초고당도 타이벡 감귤, 1월 6일 출고 예정",일반,4.5,1,39000.0,29000.0,10000,0.2564102564102564,1,8666.666666666666
YMM260103-00000025,SMF14158451,"[1+1이벤트]초고당도 타이벡 감귤, 1월 6일 출고 예정",일반,4.5,1,39000.0,29000.0,10000,0.2564102564102564,1,8666.666666666666
YMM260103-00000027,SMF14158451,"[1+1이벤트]초고당도 타이벡 감귤, 1월 6일 출고 예정",일반,4.5,1,39000.0,29000.0,10000,0.2564102564102564,1,8666.666666666666
YMM260103-00000028,SMF14158451,"[1+1이벤트]초고당도 타이벡 감귤, 1월 6일 출고 예정",일반,4.5,1,39000.0,29000.0,10000,0.2564102564102564,1,8666.666666666666
YMM260103-00000030,SMF28555734,[킹댕즈 보장!]초고당도 타이벡 감귤 2025년 첫수확,일반,4.5,1,29000.0,19000.0,10000,0.3448275862068966,0,6444.444444444444
YMM260103-00000031,SMF28555734,[킹댕즈 보장!]초고당도 타이벡 감귤 2025년 첫수확,일반,9.0,1,39000.0,29000.0,10000,0.2564102564102564,0,4333.333333333333
YMM260103-00000032,SMF28555734,[킹댕즈 보장!]초고당도 타이벡 감귤 2025년 첫수확,일반,4.5,1,29000.0,19000.0,10000,0.3448275862068966,0,6444.444444444444
YMM260103-00000033,SMF28555734,[킹댕즈 보장!]초고당도 타이벡 감귤 2025년 첫수확,일반,9.0,1,39000.0,29000.0,10000,0.2564102564102564,0,4333.333333333333
YMM260103-00000034,SMF14158451,"[1+1이벤트]초고당도 타이벡 감귤, 1월 6일 출고 예정",일반,4.5,1,39000.0,29000.0,10000,0.2564102564102564,1,8666.666666666666
YMM260103-00000035,SMF28555734,[킹댕즈 보장!]초고당도 타이벡 감귤 2025년 첫수확,일반,9.0,1,39000.0,29000.0,10000,0.2564102564102564,0,4333.333333333333
YMM260103-00000036,SMF14158451,"[1+1이벤트]초고당도 타이벡 감귤, 1월 6일 출고 예정",일반,4.5,1,39000.0,29000.0,10000,0.2564102564102564,1,8666.666666666666
YMM260103-00000037,SMF78619818,과즙폭발 겨울의 꽃 조생 감귤,로얄과,4.5,1,19900.0,13200.0,6700,0.33668341708542715,0,4422.222222222223
YMM260103-00000038,SMF14158451,"[1+1이벤트]초고당도 타이벡 감귤, 1월 6일 출고 예정",일반,4.5,1,39000.0,29000.0,10000,0.2564102564102564,1,8666.666666666666
YMM260103-00000039,SMF14158451,"[1+1이벤트]초고당도 타이벡 감귤, 1월 6일 출고 예정",일반,4.5,1,39000.0,29000.0,10000,0.2564102564102564,1,8666.666666666666
YMM260103-00000040,SMF28555734,[킹댕즈 보장!]초고당도 타이벡 감귤 2025년 첫수확,일반,9.0,1,39000.0,29000.0,10000,0.2564102564102564,0,4333.333333333333
YMM260103-00000042,SMF78619818,과즙폭발 겨울의 꽃 조생 감귤,로얄과,2.5,1,14900.0,10000.0,4900,0.3288590604026846,0,5960.0
YMM260103-00000043,SMF14158451,"[1+1이벤트]초고당도 타이벡 감귤, 1월 6일 출고 예정",일반,4.5,1,39000.0,29000.0,10000,0.2564102564102564,1,8666.666666666666
YMM260103-00000044,SMF28555734,[킹댕즈 보장!]초고당도 타이벡 감귤 2025년 첫수확,일반,9.0,1,39000.0,29000.0,10000,0.2564102564102564,0,4333.333333333333
YMM260103-00000046,SMF28555734,[킹댕즈 보장!]초고당도 타이벡 감귤 2025년 첫수확,일반,4.5,1,29000.0,19000.0,10000,0.3448275862068966,0,6444.444444444444
YMM260103-00000048,SMF28555734,[킹댕즈 보장!]초고당도 타이벡 감귤 2025년 첫수확,일반,9.0,1,39000.0,29000.0,10000,0.2564102564102564,0,4333.333333333333
YMM260103-00000049,SMF28555734,[킹댕즈 보장!]초고당도 타이벡 감귤 2025년 첫수확,일반,9.0,1,39000.0,29000.0,10000,0.2564102564102564,0,4333.333333333333
YMM260103-00000050,SMF14158451,"[1+1이벤트]초고당도 타이벡 감귤, 1월 6일 출고 예정",일반,2.5,1,29000.0,19000.0,10000,0.3448275862068966,1,11600.0
YMM260103-00000051,SMF28555734,[킹댕즈 보장!]초고당도 타이벡 감귤 2025년 첫수확,일반,9.0,1,39000.0,29000.0,10000,0.2564102564102564,0,4333.333333333333
YMM260103-00000052,SMF78619818,과즙폭발 겨울의 꽃 조생 감귤,로얄과,4.5,1,19900.0,13200.0,6700,0.33668341708542715,0,4422.222222222223
YMM260103-00000053,SMF14158451,"[1+1이벤트]초고당도 타이벡 감귤, 1월 6일 출고 예정",일반,2.5,1,29000.0,19000.0,10000,0.3448275862068966,1,11600.0
YMM260103-00000054,SMF14158451,"[1+1이벤트]초고당도 타이벡 감귤, 1월 6일 출고 예정",일반,4.5,1,39000.0,29000.0,10000,0.2564102564102564,1,8666.666666666666
YMM260103-00000056,SMF14158451,"[1+1이벤트]초고당도 타이벡 감귤, 1월 6일 출고 예정",일반,2.5,1,29000.0,19000.0,10000,0.3448275862068966,1,11600.0
YMM260103-00000058,SMF14158451,"[1+1이벤트]초고당도 타이벡 감귤, 1월 6일 출고 예정",일반,2.5,1,29000.0,19000.0,10000,0.3448275862068966,1,11600.0
YMM260103-00000059,SMF28555734,[킹댕즈 보장!]초고당도 타이벡 감귤 2025년 첫수확,일반,9.0,2,39000.0,29000.0,20000,0.2564102564102564,0,8666.666666666666
YMM260103-00000060,SMF28555734,[킹댕즈 보장!]초고당도 타이벡 감귤 2025년 첫수확,일반,9.0,1,39000.0,29000.0,10000,0.2564102564102564,0,4333.333333333333
YMM260104-00000001,SMF14158451,"[1+1이벤트]초고당도 타이벡 감귤, 1월 6일 출고 예정",일반,4.5,1,39000.0,29000.0,10000,0.2564102564102564,1,8666.666666666666
YMM260104-00000003,SMF78619818,과즙폭발 겨울의 꽃 조생 감귤,로얄과,4.5,2,19900.0,13200.0,13400,0.33668341708542715,0,8844.444444444445
YMM260104-00000004,SMF14158451,"[1+1이벤트]초고당도 타이벡 감귤, 1월 6일 출고 예정",일반,4.5,1,39000.0,29000.0,10000,0.2564102564102564,1,8666.666666666666
YMM260104-00000005,SMF28555734,[킹댕즈 보장!]초고당도 타이벡 감귤 2025년 첫수확,일반,4.5,1,29000.0,19000.0,10000,0.3448275862068966,0,6444.444444444444
YMM260104-00000006,SMF28555734,[킹댕즈 보장!]초고당도 타이벡 감귤 2025년 첫수확,일반,9.0,1,39000.0,29000.0,10000,0.2564102564102564,0,4333.333333333333
YMM260104-00000007,SMF28555734,[킹댕즈 보장!]초고당도 타이벡 감귤 2025년 첫수확,일반,4.5,1,29000.0,19000.0,10000,0.3448275862068966,0,6444.444444444444
YMM260104-00000008,SMF28555734,[킹댕즈 보장!]초고당도 타이벡 감귤 2025년 첫수확,일반,4.5,1,29000.0,19000.0,10000,0.3448275862068966,0,6444.444444444444
YMM260104-00000009,SMF28555734,[킹댕즈 보장!]초고당도 타이벡 감귤 2025년 첫수확,일반,9.0,1,39000.0,29000.0,10000,0.2564102564102564,0,4333.333333333333
YMM260104-00000010,SMF28555734,[킹댕즈 보장!]초고당도 타이벡 감귤 2025년 첫수확,일반,4.5,1,29000.0,19000.0,10000,0.3448275862068966,0,6444.444444444444
YMM260104-00000011,SMF28555734,[킹댕즈 보장!]초고당도 타이벡 감귤 2025년 첫수확,일반,4.5,1,29000.0,19000.0,10000,0.3448275862068966,0,6444.444444444444
YMM260104-00000012,SMF28555734,[킹댕즈 보장!]초고당도 타이벡 감귤 2025년 첫수확,일반,4.5,1,29000.0,19000.0,10000,0.3448275862068966,0,6444.444444444444
YMM260104-00000016,SMF28555734,[킹댕즈 보장!]초고당도 타이벡 감귤 2025년 첫수확,일반,9.0,1,39000.0,29000.0,10000,0.2564102564102564,0,4333.333333333333
YMM260104-00000017,SMF34633170,실속만점 가정용 하우스 한라봉&레드향,대과,2.5,1,33000.0,20500.0,12500,0.3787878787878788,0,13200.0
YMM260104-00000019,SMF14158451,"[1+1이벤트]초고당도 타이벡 감귤, 1월 6일 출고 예정",일반,4.5,1,39000.0,29000.0,10000,0.2564102564102564,1,8666.666666666666
YMM260104-00000020,SMF28555734,[킹댕즈 보장!]초고당도 타이벡 감귤 2025년 첫수확,일반,9.0,1,39000.0,29000.0,10000,0.2564102564102564,0,4333.333333333333
YMM260104-00000022,SMF14158451,"[1+1이벤트]초고당도 타이벡 감귤, 1월 6일 출고 예정",일반,4.5,1,39000.0,29000.0,10000,0.2564102564102564,1,8666.666666666666
YMM260104-00000023,SMF28555734,[킹댕즈 보장!]초고당도 타이벡 감귤 2025년 첫수확,일반,9.0,1,39000.0,29000.0,10000,0.2564102564102564,0,4333.333333333333
YMM260104-00000024,SMF28555734,[킹댕즈 보장!]초고당도 타이벡 감귤 2025년 첫수확,일반,9.0,1,39000.0,29000.0,10000,0.2564102564102564,0,4333.333333333333
YMM260104-00000025,SMF28555734,[킹댕즈 보장!]초고당도 타이벡 감귤 2025년 첫수확,일반,9.0,1,39000.0,29000.0,10000,0.2564102564102564,0,4333.333333333333
YMM260104-00000028,SMF14158451,"[1+1이벤트]초고당도 타이벡 감귤, 1월 6일 출고 예정",일반,4.5,1,39000.0,29000.0,10000,0.2564102564102564,1,8666.666666666666
YMM260104-00000029,SMF24484057,초고당도 타이벡감귤 2025년 첫 수확,일반,9.0,1,39000.0,29000.0,10000,0.2564102564102564,0,4333.333333333333
YMM260104-00000030,SMF28555734,[킹댕즈 보장!]초고당도 타이벡 감귤 2025년 첫수확,일반,4.5,1,29000.0,19000.0,10000,0.3448275862068966,0,6444.444444444444
YMM260104-00000031,SMF79565974,"해남 꿀고구마, 베니하루카 품종 포슬포슬",일반,10.0,1,38800.0,26000.0,12800,0.32989690721649484,0,3880.0
YMM260104-00000032,SMF13606317,제주산 구좌 흙당근 비세척,일반,5.0,1,18000.0,12000.0,6000,0.3333333333333333,0,3600.0
YMM260104-00000034,SMF28555734,[킹댕즈 보장!]초고당도 타이벡 감귤 2025년 첫수확,일반,9.0,1,39000.0,29000.0,10000,0.2564102564102564,0,4333.333333333333
YMM260104-00000035,SMF14158451,"[1+1이벤트]초고당도 타이벡 감귤, 1월 6일 출고 예정",일반,4.5,1,39000.0,29000.0,10000,0.2564102564102564,1,8666.666666666666
YMM260104-00000036,SMF14158451,"[1+1이벤트]초고당도 타이벡 감귤, 1월 6일 출고 예정",일반,2.5,1,29000.0,19000.0,10000,0.3448275862068966,1,11600.0
YMM260104-00000037,SMF79565974,"해남 꿀고구마, 베니하루카 품종 포슬포슬",일반,5.0,1,22500.0,13600.0,8900,0.39555555555555555,0,4500.0
YMM260104-00000038,SMF28555734,[킹댕즈 보장!]초고당도 타이벡 감귤 2025년 첫수확,일반,9.0,1,39000.0,29000.0,10000,0.2564102564102564,0,4333.333333333333
YMM260104-00000039,SMF14158451,"[1+1이벤트]초고당도 타이벡 감귤, 1월 6일 출고 예정",일반,2.5,1,29000.0,19000.0,10000,0.3448275862068966,1,11600.0
YMM260104-00000040,SMF14158451,"[1+1이벤트]초고당도 타이벡 감귤, 1월 6일 출고 예정",일반,2.5,1,29000.0,19000.0,10000,0.3448275862068966,1,11600.0
YMM260104-00000041,SMF14158451,"[1+1이벤트]초고당도 타이벡 감귤, 1월 6일 출고 예정",일반,2.5,1,29000.0,19000.0,10000,0.3448275862068966,1,11600.0
YMM260104-00000042,SMF14158451,"[1+1이벤트]초고당도 타이벡 감귤, 1월 6일 출고 예정",일반,4.5,1,39000.0,29000.0,10000,0.2564102564102564,1,8666.666666666666
YMM260104-00000043,SMF28555734,[킹댕즈 보장!]초고당도 타이벡 감귤 2025년 첫수확,일반,9.0,1,39000.0,29000.0,10000,0.2564102564102564,0,4333.333333333333
YMM260104-00000044,SMF28555734,[킹댕즈 보장!]초고당도 타이벡 감귤 2025년 첫수확,일반,9.0,1,39000.0,29000.0,10000,0.2564102564102564,0,4333.333333333333
YMM260104-00000045,SMF14158451,"[1+1이벤트]초고당도 타이벡 감귤, 1월 6일 출고 예정",일반,2.5,1,29000.0,19000.0,10000,0.3448275862068966,1,11600.0
YMM260104-00000046,SMF28555734,[킹댕즈 보장!]초고당도 타이벡 감귤 2025년 첫수확,일반,9.0,1,39000.0,29000.0,10000,0.2564102564102564,0,4333.333333333333
YMM260104-00000047,SMF28555734,[킹댕즈 보장!]초고당도 타이벡 감귤 2025년 첫수확,일반,9.0,1,39000.0,29000.0,10000,0.2564102564102564,0,4333.333333333333
YMM260104-00000048,SMF28555734,[킹댕즈 보장!]초고당도 타이벡 감귤 2025년 첫수확,일반,4.5,1,29000.0,19000.0,10000,0.3448275862068966,0,6444.444444444444
YMM260104-00000049,SMF28555734,[킹댕즈 보장!]초고당도 타이벡 감귤 2025년 첫수확,일반,9.0,1,39000.0,29000.0,10000,0.2564102564102564,0,4333.333333333333
YMM260104-00000053,SMF28555734,[킹댕즈 보장!]초고당도 타이벡 감귤 2025년 첫수확,일반,9.0,1,39000.0,29000.0,10000,0.2564102564102564,0,4333.333333333333
YMM260104-00000054,SMF28555734,[킹댕즈 보장!]초고당도 타이벡 감귤 2025년 첫수확,일반,4.5,1,29000.0,19000.0,10000,0.3448275862068966,0,6444.444444444444
YMM260104-00000055,SMF14158451,"[1+1이벤트]초고당도 타이벡 감귤, 1월 6일 출고 예정",일반,4.5,1,39000.0,29000.0,10000,0.2564102564102564,1,8666.666666666666
YMM260104-00000056,SMF28555734,[킹댕즈 보장!]초고당도 타이벡 감귤 2025년 첫수확,일반,4.5,1,29000.0,19000.0,10000,0.3448275862068966,0,6444.444444444444
YMM260104-00000057,SMF28555734,[킹댕즈 보장!]초고당도 타이벡 감귤 2025년 첫수확,일반,4.5,1,29000.0,19000.0,10000,0.3448275862068966,0,6444.444444444444
YMM260104-00000058,SMF28555734,[킹댕즈 보장!]초고당도 타이벡 감귤 2025년 첫수확,일반,4.5,1,29000.0,19000.0,10000,0.3448275862068966,0,6444.444444444444
YMM260104-00000059,SMF28555734,[킹댕즈 보장!]초고당도 타이벡 감귤 2025년 첫수확,일반,4.5,1,29000.0,19000.0,10000,0.3448275862068966,0,6444.444444444444
YMM260104-00000060,SMF28555734,[킹댕즈 보장!]초고당도 타이벡 감귤 2025년 첫수확,일반,4.5,1,29000.0,19000.0,10000,0.3448275862068966,0,6444.444444444444
YMM260104-00000061,SMF28555734,[킹댕즈 보장!]초고당도 타이벡 감귤 2025년 첫수확,일반,9.0,1,39000.0,29000.0,10000,0.2564102564102564,0,4333.333333333333
YMM260104-00000062,SMF28555734,[킹댕즈 보장!]초고당도 타이벡 감귤 2025년 첫수확,일반,9.0,1,39000.0,29000.0,10000,0.2564102564102564,0,4333.333333333333
YMM260104-00000063,SMF28555734,[킹댕즈 보장!]초고당도 타이벡 감귤 2025년 첫수확,일반,9.0,1,39000.0,29000.0,10000,0.2564102564102564,0,4333.333333333333
YMM260104-00000064,SMF28555734,[킹댕즈 보장!]초고당도 타이벡 감귤 2025년 첫수확,일반,9.0,1,39000.0,29000.0,10000,0.2564102564102564,0,4333.333333333333
YMM260104-00000065,SMF28555734,[킹댕즈 보장!]초고당도 타이벡 감귤 2025년 첫수확,일반,9.0,1,39000.0,29000.0,10000,0.2564102564102564,0,4333.333333333333
YMM260104-00000066,SMF28555734,[킹댕즈 보장!]초고당도 타이벡 감귤 2025년 첫수확,일반,4.5,1,29000.0,19000.0,10000,0.3448275862068966,0,6444.444444444444
YMM260104-00000067,SMF28555734,[킹댕즈 보장!]초고당도 타이벡 감귤 2025년 첫수확,일반,9.0,1,39000.0,29000.0,10000,0.2564102564102564,0,4333.333333333333
YMM260104-00000068,SMF28555734,[킹댕즈 보장!]초고당도 타이벡 감귤 2025년 첫수확,일반,4.5,1,29000.0,19000.0,10000,0.3448275862068966,0,6444.444444444444
YMM260104-00000069,SMF28555734,[킹댕즈 보장!]초고당도 타이벡 감귤 2025년 첫수확,일반,4.5,1,29000.0,19000.0,10000,0.3448275862068966,0,6444.444444444444
YMM260104-00000070,SMF28555734,[킹댕즈 보장!]초고당도 타이벡 감귤 2025년 첫수확,일반,9.0,1,39000.0,29000.0,10000,0.2564102564102564,0,4333.333333333333
YMM260104-00000071,SMF78619818,과즙폭발 겨울의 꽃 조생 감귤,로얄과,4.5,1,19900.0,13200.0,6700,0.33668341708542715,0,4422.222222222223
YMM260104-00000072,SMF28555734,[킹댕즈 보장!]초고당도 타이벡 감귤 2025년 첫수확,일반,9.0,1,39000.0,29000.0,10000,0.2564102564102564,0,4333.333333333333
YMM260104-00000073,SMF14158451,"[1+1이벤트]초고당도 타이벡 감귤, 1월 6일 출고 예정",일반,2.5,1,29000.0,19000.0,10000,0.3448275862068966,1,11600.0
YMM260104-00000074,SMF34633170,실속만점 가정용 하우스 한라봉&레드향,대과,2.5,1,33000.0,20500.0,12500,0.3787878787878788,0,13200.0
YMM260104-00000075,SMF14158451,"[1+1이벤트]초고당도 타이벡 감귤, 1월 6일 출고 예정",일반,2.5,1,29000.0,19000.0,10000,0.3448275862068966,1,11600.0
YMM260104-00000076,SMF78619818,과즙폭발 겨울의 꽃 조생 감귤,로얄과,4.5,1,19900.0,13200.0,6700,0.33668341708542715,0,4422.222222222223
YMM260104-00000077,SMF28555734,[킹댕즈 보장!]초고당도 타이벡 감귤 2025년 첫수확,일반,9.0,1,39000.0,29000.0,10000,0.2564102564102564,0,4333.333333333333
YMM260104-00000078,SMF78619818,과즙폭발 겨울의 꽃 조생 감귤,로얄과,4.5,1,19900.0,13200.0,6700,0.33668341708542715,0,4422.222222222223
YMM260104-00000079,SMF28555734,[킹댕즈 보장!]초고당도 타이벡 감귤 2025년 첫수확,일반,9.0,1,39000.0,29000.0,10000,0.2564102564102564,0,4333.333333333333
YMM260104-00000080,SMF28555734,[킹댕즈 보장!]초고당도 타이벡 감귤 2025년 첫수확,일반,9.0,1,39000.0,29000.0,10000,0.2564102564102564,0,4333.333333333333
YMM260104-00000081,SMF28555734,[킹댕즈 보장!]초고당도 타이벡 감귤 2025년 첫수확,일반,9.0,1,39000.0,29000.0,10000,0.2564102564102564,0,4333.333333333333
YMM260104-00000082,SMF28555734,[킹댕즈 보장!]초고당도 타이벡 감귤 2025년 첫수확,일반,4.5,1,29000.0,19000.0,10000,0.3448275862068966,0,6444.444444444444
YMM260104-00000083,SMF24484057,초고당도 타이벡감귤 2025년 첫 수확,일반,9.0,1,39000.0,29000.0,10000,0.2564102564102564,0,4333.333333333333
YMM260104-00000084,SMF28555734,[킹댕즈 보장!]초고당도 타이벡 감귤 2025년 첫수확,일반,4.5,1,29000.0,19000.0,10000,0.3448275862068966,0,6444.444444444444
YMM260104-00000085,SMF14158451,"[1+1이벤트]초고당도 타이벡 감귤, 1월 6일 출고 예정",일반,2.5,1,29000.0,19000.0,10000,0.3448275862068966,1,11600.0
YMM260104-00000086,SMF28555734,[킹댕즈 보장!]초고당도 타이벡 감귤 2025년 첫수확,일반,9.0,1,39000.0,29000.0,10000,0.2564102564102564,0,4333.333333333333
YMM260104-00000087,SMF28555734,[킹댕즈 보장!]초고당도 타이벡 감귤 2025년 첫수확,일반,9.0,1,39000.0,29000.0,10000,0.2564102564102564,0,4333.333333333333
YMM260104-00000088,SMF28555734,[킹댕즈 보장!]초고당도 타이벡 감귤 2025년 첫수확,일반,4.5,1,29000.0,19000.0,10000,0.3448275862068966,0,6444.444444444444
YMM260104-00000089,SMF28555734,[킹댕즈 보장!]초고당도 타이벡 감귤 2025년 첫수확,일반,9.0,1,39000.0,29000.0,10000,0.2564102564102564,0,4333.333333333333
YMM260104-00000090,SMF28555734,[킹댕즈 보장!]초고당도 타이벡 감귤 2025년 첫수확,일반,9.0,1,39000.0,29000.0,10000,0.2564102564102564,0,4333.333333333333
YMM260104-00000091,SMF28555734,[킹댕즈 보장!]초고당도 타이벡 감귤 2025년 첫수확,일반,9.0,1,39000.0,29000.0,10000,0.2564102564102564,0,4333.333333333333
YMM260104-00000092,SMF28555734,[킹댕즈 보장!]초고당도 타이벡 감귤 2025년 첫수확,일반,9.0,1,39000.0,29000.0,10000,0.2564102564102564,0,4333.333333333333
YMM260104-00000093,SMF28555734,[킹댕즈 보장!]초고당도 타이벡 감귤 2025년 첫수확,일반,4.5,1,29000.0,19000.0,10000,0.3448275862068966,0,6444.444444444444
YMM260104-00000094,SMF28555734,[킹댕즈 보장!]초고당도 타이벡 감귤 2025년 첫수확,일반,9.0,1,39000.0,29000.0,10000,0.2564102564102564,0,4333.333333333333
YMM260104-00000095,SMF14158451,"[1+1이벤트]초고당도 타이벡 감귤, 1월 6일 출고 예정",일반,4.5,1,39000.0,29000.0,10000,0.2564102564102564,1,8666.666666666666
YMM260104-00000096,SMF28555734,[킹댕즈 보장!]초고당도 타이벡 감귤 2025년 첫수확,일반,9.0,1,39000.0,29000.0,10000,0.2564102564102564,0,4333.333333333333
YMM260104-00000097,SMF28555734,[킹댕즈 보장!]초고당도 타이벡 감귤 2025년 첫수확,일반,4.5,1,29000.0,19000.0,10000,0.3448275862068966,0,6444.444444444444
YMM260104-00000098,SMF28555734,[킹댕즈 보장!]초고당도 타이벡 감귤 2025년 첫수확,일반,9.0,2,39000.0,29000.0,20000,0.2564102564102564,0,8666.666666666666
YMM260104-00000100,SMF28555734,[킹댕즈 보장!]초고당도 타이벡 감귤 2025년 첫수확,일반,9.0,1,39000.0,29000.0,10000,0.2564102564102564,0,4333.333333333333
YMM260104-00000102,SMF28555734,[킹댕즈 보장!]초고당도 타이벡 감귤 2025년 첫수확,일반,4.5,1,29000.0,19000.0,10000,0.3448275862068966,0,6444.444444444444
YMM260104-00000103,SMF14158451,"[1+1이벤트]초고당도 타이벡 감귤, 1월 6일 출고 예정",일반,2.5,1,29000.0,19000.0,10000,0.3448275862068966,1,11600.0
YMM260104-00000104,SMF28555734,[킹댕즈 보장!]초고당도 타이벡 감귤 2025년 첫수확,일반,9.0,1,39000.0,29000.0,10000,0.2564102564102564,0,4333.333333333333
YMM260104-00000105,SMF28555734,[킹댕즈 보장!]초고당도 타이벡 감귤 2025년 첫수확,일반,9.0,1,39000.0,29000.0,10000,0.2564102564102564,0,4333.333333333333
YMM260104-00000106,SMF28555734,[킹댕즈 보장!]초고당도 타이벡 감귤 2025년 첫수확,일반,4.5,1,29000.0,19000.0,10000,0.3448275862068966,0,6444.444444444444
YMM260104-00000107,SMF28555734,[킹댕즈 보장!]초고당도 타이벡 감귤 2025년 첫수확,일반,4.5,2,29000.0,19000.0,20000,0.3448275862068966,0,12888.888888888889
YMM260104-00000109,SMF28555734,[킹댕즈 보장!]초고당도 타이벡 감귤 2025년 첫수확,일반,9.0,1,39000.0,29000.0,10000,0.2564102564102564,0,4333.333333333333
YMM260104-00000112,SMF28555734,[킹댕즈 보장!]초고당도 타이벡 감귤 2025년 첫수확,일반,4.5,1,29000.0,19000.0,10000,0.3448275862068966,0,6444.444444444444
YMM260104-00000113,SMF28555734,[킹댕즈 보장!]초고당도 타이벡 감귤 2025년 첫수확,일반,9.0,1,39000.0,29000.0,10000,0.2564102564102564,0,4333.333333333333
YMM260104-00000114,SMF28555734,[킹댕즈 보장!]초고당도 타이벡 감귤 2025년 첫수확,일반,4.5,1,29000.0,19000.0,10000,0.3448275862068966,0,6444.444444444444
YMM260104-00000115,SMF28555734,[킹댕즈 보장!]초고당도 타이벡 감귤 2025년 첫수확,일반,9.0,1,39000.0,29000.0,10000,0.2564102564102564,0,4333.333333333333
YMM260104-00000116,SMF28555734,[킹댕즈 보장!]초고당도 타이벡 감귤 2025년 첫수확,일반,4.5,1,29000.0,19000.0,10000,0.3448275862068966,0,6444.444444444444
YMM260104-00000118,SMF28555734,[킹댕즈 보장!]초고당도 타이벡 감귤 2025년 첫수확,일반,4.5,1,29000.0,19000.0,10000,0.3448275862068966,0,6444.444444444444
YMM260104-00000119,SMF28555734,[킹댕즈 보장!]초고당도 타이벡 감귤 2025년 첫수확,일반,9.0,1,39000.0,29000.0,10000,0.2564102564102564,0,4333.333333333333
YMM260104-00000120,SMF28555734,[킹댕즈 보장!]초고당도 타이벡 감귤 2025년 첫수확,일반,9.0,1,39000.0,29000.0,10000,0.2564102564102564,0,4333.333333333333
YMM260104-00000121,SMF28555734,[킹댕즈 보장!]초고당도 타이벡 감귤 2025년 첫수확,일반,4.5,1,29000.0,19000.0,10000,0.3448275862068966,0,6444.444444444444
YMM260104-00000126,SMF28555734,[킹댕즈 보장!]초고당도 타이벡 감귤 2025년 첫수확,일반,4.5,1,29000.0,19000.0,10000,0.3448275862068966,0,6444.444444444444
YMM260104-00000128,SMF14158451,"[1+1이벤트]초고당도 타이벡 감귤, 1월 6일 출고 예정",일반,2.5,1,29000.0,19000.0,10000,0.3448275862068966,1,11600.0
YMM260104-00000129,SMF28555734,[킹댕즈 보장!]초고당도 타이벡 감귤 2025년 첫수확,일반,4.5,1,29000.0,19000.0,10000,0.3448275862068966,0,6444.444444444444
YMM260104-00000130,SMF28555734,[킹댕즈 보장!]초고당도 타이벡 감귤 2025년 첫수확,일반,9.0,1,39000.0,29000.0,10000,0.2564102564102564,0,4333.333333333333
YMM260104-00000131,SMF78619818,과즙폭발 겨울의 꽃 조생 감귤,로얄과,4.5,1,19900.0,13200.0,6700,0.33668341708542715,0,4422.222222222223
YMM260104-00000132,SMF28555734,[킹댕즈 보장!]초고당도 타이벡 감귤 2025년 첫수확,일반,9.0,1,39000.0,29000.0,10000,0.2564102564102564,0,4333.333333333333
YMM260104-00000133,SMF28555734,[킹댕즈 보장!]초고당도 타이벡 감귤 2025년 첫수확,일반,9.0,1,39000.0,29000.0,10000,0.2564102564102564,0,4333.333333333333
YMM260104-00000134,SMF28555734,[킹댕즈 보장!]초고당도 타이벡 감귤 2025년 첫수확,일반,9.0,1,39000.0,29000.0,10000,0.2564102564102564,0,4333.333333333333
YMM260104-00000135,SMF28555734,[킹댕즈 보장!]초고당도 타이벡 감귤 2025년 첫수확,일반,9.0,1,39000.0,29000.0,10000,0.2564102564102564,0,4333.333333333333
YMM260104-00000136,SMF28555734,[킹댕즈 보장!]초고당도 타이벡 감귤 2025년 첫수확,일반,4.5,1,29000.0,19000.0,10000,0.3448275862068966,0,6444.444444444444
YMM260104-00000137,SMF28555734,[킹댕즈 보장!]초고당도 타이벡 감귤 2025년 첫수확,일반,4.5,1,29000.0,19000.0,10000,0.3448275862068966,0,6444.444444444444
YMM260104-00000138,SMF28555734,[킹댕즈 보장!]초고당도 타이벡 감귤 2025년 첫수확,일반,4.5,1,29000.0,19000.0,10000,0.3448275862068966,0,6444.444444444444
YMM260104-00000140,SMF28555734,[킹댕즈 보장!]초고당도 타이벡 감귤 2025년 첫수확,일반,4.5,1,29000.0,19000.0,10000,0.3448275862068966,0,6444.444444444444
YMM260104-00000141,SMF28555734,[킹댕즈 보장!]초고당도 타이벡 감귤 2025년 첫수확,일반,9.0,1,39000.0,29000.0,10000,0.2564102564102564,0,4333.333333333333
YMM260104-00000143,SMF79565974,"해남 꿀고구마, 베니하루카 품종 포슬포슬",일반,5.0,1,22500.0,14100.0,8400,0.37333333333333335,0,4500.0
YMM260104-00000144,SMF28555734,[킹댕즈 보장!]초고당도 타이벡 감귤 2025년 첫수확,일반,4.5,1,29000.0,19000.0,10000,0.3448275862068966,0,6444.444444444444
YMM260104-00000145,SMF28555734,[킹댕즈 보장!]초고당도 타이벡 감귤 2025년 첫수확,일반,4.5,1,29000.0,19000.0,10000,0.3448275862068966,0,6444.444444444444
YMM260104-00000146,SMF28555734,[킹댕즈 보장!]초고당도 타이벡 감귤 2025년 첫수확,일반,4.5,1,29000.0,19000.0,10000,0.3448275862068966,0,6444.444444444444
YMM260104-00000147,SMF28555734,[킹댕즈 보장!]초고당도 타이벡 감귤 2025년 첫수확,일반,9.0,1,39000.0,29000.0,10000,0.2564102564102564,0,4333.333333333333
YMM260104-00000149,SMF28555734,[킹댕즈 보장!]초고당도 타이벡 감귤 2025년 첫수확,일반,4.5,1,29000.0,19000.0,10000,0.3448275862068966,0,6444.444444444444
YMM260104-00000150,SMF14158451,"[1+1이벤트]초고당도 타이벡 감귤, 1월 6일 출고 예정",일반,2.5,1,29000.0,19000.0,10000,0.3448275862068966,1,11600.0
YMM260104-00000151,SMF28555734,[킹댕즈 보장!]초고당도 타이벡 감귤 2025년 첫수확,일반,9.0,1,39000.0,29000.0,10000,0.2564102564102564,0,4333.333333333333
YMM260104-00000152,SMF28555734,[킹댕즈 보장!]초고당도 타이벡 감귤 2025년 첫수확,일반,9.0,1,39000.0,29000.0,10000,0.2564102564102564,0,4333.333333333333
YMM260104-00000155,SMF28555734,[킹댕즈 보장!]초고당도 타이벡 감귤 2025년 첫수확,일반,4.5,1,29000.0,19000.0,10000,0.3448275862068966,0,6444.444444444444
YMM260104-00000158,SMF28555734,[킹댕즈 보장!]초고당도 타이벡 감귤 2025년 첫수확,일반,9.0,1,39000.0,29000.0,10000,0.2564102564102564,0,4333.333333333333
YMM260104-00000159,SMF28555734,[킹댕즈 보장!]초고당도 타이벡 감귤 2025년 첫수확,일반,9.0,1,39000.0,29000.0,10000,0.2564102564102564,0,4333.333333333333
YMM260105-00000002,SMF28555734,[킹댕즈 보장!]초고당도 타이벡 감귤 2025년 첫수확,일반,4.5,1,29000.0,19000.0,10000,0.3448275862068966,0,6444.444444444444
YMM260105-00000003,SMF79565974,"해남 꿀고구마, 베니하루카 품종 포슬포슬",일반,3.0,1,15900.0,9200.0,6700,0.42138364779874216,0,5300.0
YMM260105-00000004,SMF28555734,[킹댕즈 보장!]초고당도 타이벡 감귤 2025년 첫수확,일반,4.5,1,29000.0,19000.0,10000,0.3448275862068966,0,6444.444444444444
YMM260105-00000008,SMF28555734,[킹댕즈 보장!]초고당도 타이벡 감귤 2025년 첫수확,일반,9.0,1,39000.0,29000.0,10000,0.2564102564102564,0,4333.333333333333
YMM260105-00000009,SMF28555734,[킹댕즈 보장!]초고당도 타이벡 감귤 2025년 첫수확,일반,9.0,1,39000.0,29000.0,10000,0.2564102564102564,0,4333.333333333333
YMM260105-00000010,SMF28555734,[킹댕즈 보장!]초고당도 타이벡 감귤 2025년 첫수확,일반,4.5,1,29000.0,19000.0,10000,0.3448275862068966,0,6444.444444444444
YMM260105-00000011,SMF28555734,[킹댕즈 보장!]초고당도 타이벡 감귤 2025년 첫수확,일반,4.5,1,29000.0,19000.0,10000,0.3448275862068966,0,6444.444444444444
YMM260105-00000012,SMF28555734,[킹댕즈 보장!]초고당도 타이벡 감귤 2025년 첫수확,일반,4.5,1,29000.0,19000.0,10000,0.3448275862068966,0,6444.444444444444
YMM260105-00000013,SMF28555734,[킹댕즈 보장!]초고당도 타이벡 감귤 2025년 첫수확,일반,9.0,1,39000.0,29000.0,10000,0.2564102564102564,0,4333.333333333333
YMM260105-00000014,SMF28555734,[킹댕즈 보장!]초고당도 타이벡 감귤 2025년 첫수확,일반,4.5,1,29000.0,19000.0,10000,0.3448275862068966,0,6444.444444444444
YMM260105-00000015,SMF28555734,[킹댕즈 보장!]초고당도 타이벡 감귤 2025년 첫수확,일반,9.0,1,39000.0,29000.0,10000,0.2564102564102564,0,4333.333333333333
YMM260105-00000016,SMF28555734,[킹댕즈 보장!]초고당도 타이벡 감귤 2025년 첫수확,일반,4.5,1,29000.0,19000.0,10000,0.3448275862068966,0,6444.444444444444
YMM260105-00000017,SMF28555734,[킹댕즈 보장!]초고당도 타이벡 감귤 2025년 첫수확,일반,9.0,1,39000.0,29000.0,10000,0.2564102564102564,0,4333.333333333333
YMM260105-00000018,SMF14158451,"[1+1이벤트]초고당도 타이벡 감귤, 1월 6일 출고 예정",일반,2.5,1,29000.0,19000.0,10000,0.3448275862068966,1,11600.0
YMM260105-00000019,SMF28555734,[킹댕즈 보장!]초고당도 타이벡 감귤 2025년 첫수확,일반,4.5,1,29000.0,19000.0,10000,0.3448275862068966,0,6444.444444444444
YMM260105-00000020,SMF28555734,[킹댕즈 보장!]초고당도 타이벡 감귤 2025년 첫수확,일반,4.5,1,29000.0,19000.0,10000,0.3448275862068966,0,6444.444444444444
YMM260105-00000022,SMF13606317,제주산 구좌 흙당근 비세척,일반,3.0,1,14000.0,9500.0,4500,0.32142857142857145,0,4666.666666666667
YMM260105-00000024,SMF79565974,"해남 꿀고구마, 베니하루카 품종 포슬포슬",일반,3.0,1,11900.0,6800.0,5100,0.42857142857142855,0,3966.6666666666665
YMM260105-00000025,SMF79565974,"해남 꿀고구마, 베니하루카 품종 포슬포슬",일반,3.0,1,11900.0,6800.0,5100,0.42857142857142855,0,3966.6666666666665
YMM260105-00000026,SMF79565974,"해남 꿀고구마, 베니하루카 품종 포슬포슬",일반,3.0,1,11900.0,6800.0,5100,0.42857142857142855,0,3966.6666666666665
YMM260105-00000027,SMF79565974,"해남 꿀고구마, 베니하루카 품종 포슬포슬",일반,2.0,1,9300.0,5600.0,3700,0.3978494623655914,0,4650.0
YMM260105-00000028,SMF28555734,[킹댕즈 보장!]초고당도 타이벡 감귤 2025년 첫수확,일반,4.5,1,29000.0,19000.0,10000,0.3448275862068966,0,6444.444444444444
YMM260105-00000029,SMF28555734,[킹댕즈 보장!]초고당도 타이벡 감귤 2025년 첫수확,일반,4.5,1,29000.0,19000.0,10000,0.3448275862068966,0,6444.444444444444
YMM260105-00000030,SMF28555734,[킹댕즈 보장!]초고당도 타이벡 감귤 2025년 첫수확,일반,4.5,1,29000.0,19000.0,10000,0.3448275862068966,0,6444.444444444444
YMM260105-00000031,SMF28555734,[킹댕즈 보장!]초고당도 타이벡 감귤 2025년 첫수확,일반,4.5,1,29000.0,19000.0,10000,0.3448275862068966,0,6444.444444444444
YMM260105-00000032,SMF28555734,[킹댕즈 보장!]초고당도 타이벡 감귤 2025년 첫수확,일반,9.0,1,39000.0,29000.0,10000,0.2564102564102564,0,4333.333333333333
YMM260105-00000033,SMF28555734,[킹댕즈 보장!]초고당도 타이벡 감귤 2025년 첫수확,일반,9.0,1,39000.0,29000.0,10000,0.2564102564102564,0,4333.333333333333
YMM260105-00000034,SMF28555734,[킹댕즈 보장!]초고당도 타이벡 감귤 2025년 첫수확,일반,9.0,1,39000.0,29000.0,10000,0.2564102564102564,0,4333.333333333333
YMM260105-00000035,SMF28555734,[킹댕즈 보장!]초고당도 타이벡 감귤 2025년 첫수확,일반,4.5,1,29000.0,19000.0,10000,0.3448275862068966,0,6444.444444444444
YMM260105-00000036,SMF14158451,"[1+1이벤트]초고당도 타이벡 감귤, 1월 6일 출고 예정",일반,2.5,1,29000.0,19000.0,10000,0.3448275862068966,1,11600.0
YMM260105-00000037,SMF28555734,[킹댕즈 보장!]초고당도 타이벡 감귤 2025년 첫수확,일반,9.0,1,39000.0,29000.0,10000,0.2564102564102564,0,4333.333333333333
YMM260105-00000038,SMF28555734,[킹댕즈 보장!]초고당도 타이벡 감귤 2025년 첫수확,일반,9.0,1,39000.0,29000.0,10000,0.2564102564102564,0,4333.333333333333
YMM260105-00000039,SMF28555734,[킹댕즈 보장!]초고당도 타이벡 감귤 2025년 첫수확,일반,9.0,1,39000.0,29000.0,10000,0.2564102564102564,0,4333.333333333333
YMM260105-00000040,SMF28555734,[킹댕즈 보장!]초고당도 타이벡 감귤 2025년 첫수확,일반,9.0,1,39000.0,29000.0,10000,0.2564102564102564,0,4333.333333333333
YMM260105-00000041,SMF28555734,[킹댕즈 보장!]초고당도 타이벡 감귤 2025년 첫수확,일반,4.5,1,29000.0,19000.0,10000,0.3448275862068966,0,6444.444444444444
YMM260105-00000042,SMF28555734,[킹댕즈 보장!]초고당도 타이벡 감귤 2025년 첫수확,일반,4.5,1,29000.0,19000.0,10000,0.3448275862068966,0,6444.444444444444
YMM260105-00000043,SMF28555734,[킹댕즈 보장!]초고당도 타이벡 감귤 2025년 첫수확,일반,4.5,1,29000.0,19000.0,10000,0.3448275862068966,0,6444.444444444444
YMM260105-00000044,SMF28555734,[킹댕즈 보장!]초고당도 타이벡 감귤 2025년 첫수확,일반,9.0,1,39000.0,29000.0,10000,0.2564102564102564,0,4333.333333333333
YMM260105-00000045,SMF28555734,[킹댕즈 보장!]초고당도 타이벡 감귤 2025년 첫수확,일반,4.5,1,29000.0,19000.0,10000,0.3448275862068966,0,6444.444444444444
YMM260105-00000046,SMF28555734,[킹댕즈 보장!]초고당도 타이벡 감귤 2025년 첫수확,일반,9.0,1,39000.0,29000.0,10000,0.2564102564102564,0,4333.333333333333
YMM260105-00000048,SMF28555734,[킹댕즈 보장!]초고당도 타이벡 감귤 2025년 첫수확,일반,9.0,1,39000.0,29000.0,10000,0.2564102564102564,0,4333.333333333333
YMM260105-00000049,SMF28555734,[킹댕즈 보장!]초고당도 타이벡 감귤 2025년 첫수확,일반,4.5,1,29000.0,19000.0,10000,0.3448275862068966,0,6444.444444444444
YMM260105-00000050,SMF28555734,[킹댕즈 보장!]초고당도 타이벡 감귤 2025년 첫수확,일반,9.0,1,39000.0,29000.0,10000,0.2564102564102564,0,4333.333333333333
YMM260105-00000051,SMF28555734,[킹댕즈 보장!]초고당도 타이벡 감귤 2025년 첫수확,일반,9.0,1,39000.0,29000.0,10000,0.2564102564102564,0,4333.333333333333
YMM260105-00000052,SMF28555734,[킹댕즈 보장!]초고당도 타이벡 감귤 2025년 첫수확,일반,9.0,1,39000.0,29000.0,10000,0.2564102564102564,0,4333.333333333333
YMM260105-00000053,SMF28555734,[킹댕즈 보장!]초고당도 타이벡 감귤 2025년 첫수확,일반,9.0,1,39000.0,29000.0,10000,0.2564102564102564,0,4333.333333333333
YMM260105-00000054,SMF28555734,[킹댕즈 보장!]초고당도 타이벡 감귤 2025년 첫수확,일반,4.5,1,29000.0,19000.0,10000,0.3448275862068966,0,6444.444444444444
YMM260105-00000055,SMF28555734,[킹댕즈 보장!]초고당도 타이벡 감귤 2025년 첫수확,일반,9.0,1,39000.0,29000.0,10000,0.2564102564102564,0,4333.333333333333
YMM260105-00000056,SMF14158451,"[1+1이벤트]초고당도 타이벡 감귤, 1월 6일 출고 예정",일반,4.5,1,39000.0,29000.0,10000,0.2564102564102564,1,8666.666666666666
YMM260105-00000057,SMF13606317,제주산 구좌 흙당근 비세척,일반,5.0,1,18000.0,12000.0,6000,0.3333333333333333,0,3600.0
YMM260105-00000058,SMF28555734,[킹댕즈 보장!]초고당도 타이벡 감귤 2025년 첫수확,일반,9.0,1,39000.0,29000.0,10000,0.2564102564102564,0,4333.333333333333
YMM260105-00000059,SMF28555734,[킹댕즈 보장!]초고당도 타이벡 감귤 2025년 첫수확,일반,4.5,1,29000.0,19000.0,10000,0.3448275862068966,0,6444.444444444444
YMM260105-00000060,SMF14158451,"[1+1이벤트]초고당도 타이벡 감귤, 1월 6일 출고 예정",일반,4.5,1,39000.0,29000.0,10000,0.2564102564102564,1,8666.666666666666
YMM260105-00000062,SMF28555734,[킹댕즈 보장!]초고당도 타이벡 감귤 2025년 첫수확,일반,9.0,1,39000.0,29000.0,10000,0.2564102564102564,0,4333.333333333333
YMM260105-00000063,SMF28555734,[킹댕즈 보장!]초고당도 타이벡 감귤 2025년 첫수확,일반,9.0,1,39000.0,29000.0,10000,0.2564102564102564,0,4333.333333333333
YMM260105-00000064,SMF28555734,[킹댕즈 보장!]초고당도 타이벡 감귤 2025년 첫수확,일반,4.5,1,29000.0,19000.0,10000,0.3448275862068966,0,6444.444444444444
YMM260105-00000066,SMF28555734,[킹댕즈 보장!]초고당도 타이벡 감귤 2025년 첫수확,일반,9.0,1,39000.0,29000.0,10000,0.2564102564102564,0,4333.333333333333
YMM260105-00000067,SMF14158451,"[1+1이벤트]초고당도 타이벡 감귤, 1월 6일 출고 예정",일반,2.5,1,29000.0,19000.0,10000,0.3448275862068966,1,11600.0
YMM260105-00000068,SMF28555734,[킹댕즈 보장!]초고당도 타이벡 감귤 2025년 첫수확,일반,9.0,1,39000.0,29000.0,10000,0.2564102564102564,0,4333.333333333333
YMM260105-00000069,SMF28555734,[킹댕즈 보장!]초고당도 타이벡 감귤 2025년 첫수확,일반,4.5,1,29000.0,19000.0,10000,0.3448275862068966,0,6444.444444444444
YMM260105-00000070,SMF14158451,"[1+1이벤트]초고당도 타이벡 감귤, 1월 6일 출고 예정",일반,4.5,3,39000.0,29000.0,30000,0.2564102564102564,1,26000.0
YMM260105-00000071,SMF14158451,"[1+1이벤트]초고당도 타이벡 감귤, 1월 6일 출고 예정",일반,4.5,1,39000.0,29000.0,10000,0.2564102564102564,1,8666.666666666666
YMM260105-00000072,SMF24484057,초고당도 타이벡감귤 2025년 첫 수확,일반,9.0,1,39000.0,29000.0,10000,0.2564102564102564,0,4333.333333333333
YMM260105-00000073,SMF14158451,"[1+1이벤트]초고당도 타이벡 감귤, 1월 6일 출고 예정",일반,4.5,1,39000.0,29000.0,10000,0.2564102564102564,1,8666.666666666666
YMM260105-00000075,SMF14158451,"[1+1이벤트]초고당도 타이벡 감귤, 1월 6일 출고 예정",일반,4.5,1,39000.0,29000.0,10000,0.2564102564102564,1,8666.666666666666
YMM260105-00000076,SMF14158451,"[1+1이벤트]초고당도 타이벡 감귤, 1월 6일 출고 예정",일반,4.5,3,39000.0,29000.0,30000,0.2564102564102564,1,26000.0
YMM260105-00000078,SMF14158451,"[1+1이벤트]초고당도 타이벡 감귤, 1월 6일 출고 예정",일반,4.5,2,39000.0,29000.0,20000,0.2564102564102564,1,17333.333333333332
YMM260105-00000079,SMF14158451,"[1+1이벤트]초고당도 타이벡 감귤, 1월 6일 출고 예정",일반,4.5,1,39000.0,29000.0,10000,0.2564102564102564,1,8666.666666666666
YMM260105-00000080,SMF13606317,제주산 구좌 흙당근 비세척,일반,10.0,1,30000.0,22000.0,8000,0.26666666666666666,0,3000.0
YMM260105-00000081,SMF34633170,실속만점 가정용 하우스 한라봉&레드향,소과,2.5,2,31000.0,19000.0,24000,0.3870967741935484,0,24800.0
YMM260105-00000082,SMF78619818,과즙폭발 겨울의 꽃 조생 감귤,로얄과,4.5,1,19900.0,13200.0,6700,0.33668341708542715,0,4422.222222222223
YMM260105-00000083,SMF78619818,과즙폭발 겨울의 꽃 조생 감귤,로얄과,2.5,1,14900.0,10000.0,4900,0.3288590604026846,0,5960.0
YMM260105-00000084,SMF14158451,"[1+1이벤트]초고당도 타이벡 감귤, 1월 6일 출고 예정",일반,2.5,1,29000.0,19000.0,10000,0.3448275862068966,1,11600.0
YMM260105-00000085,SMF34633170,실속만점 가정용 하우스 한라봉&레드향,대과,4.5,1,42500.0,26800.0,15700,0.36941176470588233,0,9444.444444444445
YMM260105-00000086,SMF78619818,과즙폭발 겨울의 꽃 조생 감귤,로얄과,4.5,2,19900.0,13200.0,13400,0.33668341708542715,0,8844.444444444445
YMM260105-00000087,SMF13606317,제주산 구좌 흙당근 비세척,일반,5.0,1,20000.0,14000.0,6000,0.3,0,4000.0
YMM260105-00000089,SMF78619818,과즙폭발 겨울의 꽃 조생 감귤,로얄과,4.5,1,19900.0,13200.0,6700,0.33668341708542715,0,4422.222222222223
YMM260105-00000090,SMF78619818,과즙폭발 겨울의 꽃 조생 감귤,로얄과,4.5,1,19900.0,13200.0,6700,0.33668341708542715,0,4422.222222222223
YMM260105-00000091,SMF14158451,"[1+1이벤트]초고당도 타이벡 감귤, 1월 6일 출고 예정",일반,2.5,1,29000.0,19000.0,10000,0.3448275862068966,1,11600.0
YMM260105-00000092,SMF14158451,"[1+1이벤트]초고당도 타이벡 감귤, 1월 6일 출고 예정",일반,2.5,1,29000.0,19000.0,10000,0.3448275862068966,1,11600.0
YMM260105-00000093,SMF79565974,"해남 꿀고구마, 베니하루카 품종 포슬포슬",일반,3.0,1,11900.0,6800.0,5100,0.42857142857142855,0,3966.6666666666665
YMM260105-00000094,SMF14158451,"[1+1이벤트]초고당도 타이벡 감귤, 1월 6일 출고 예정",일반,2.5,1,29000.0,19000.0,10000,0.3448275862068966,1,11600.0
YMM260105-00000095,SMF14158451,"[1+1이벤트]초고당도 타이벡 감귤, 1월 6일 출고 예정",일반,4.5,1,39000.0,29000.0,10000,0.2564102564102564,1,8666.666666666666
YMM260105-00000098,SMF14158451,"[1+1이벤트]초고당도 타이벡 감귤, 1월 6일 출고 예정",일반,2.5,1,29000.0,19000.0,10000,0.3448275862068966,1,11600.0
YMM260105-00000099,SMF14158451,"[1+1이벤트]초고당도 타이벡 감귤, 1월 6일 출고 예정",일반,4.5,1,39000.0,29000.0,10000,0.2564102564102564,1,8666.666666666666
YMM260105-00000100,SMF79565974,"해남 꿀고구마, 베니하루카 품종 포슬포슬",일반,5.0,1,22500.0,13600.0,8900,0.39555555555555555,0,4500.0
YMM260105-00000101,SMF79565974,"해남 꿀고구마, 베니하루카 품종 포슬포슬",일반,10.0,1,37500.0,25000.0,12500,0.3333333333333333,0,3750.0
YMM260105-00000102,SMF14158451,"[1+1이벤트]초고당도 타이벡 감귤, 1월 6일 출고 예정",일반,2.5,1,29000.0,19000.0,10000,0.3448275862068966,1,11600.0
YMM260105-00000103,SMF78619818,과즙폭발 겨울의 꽃 조생 감귤,로얄과,4.5,1,19900.0,13200.0,6700,0.33668341708542715,0,4422.222222222223
YMM260105-00000104,SMF79565974,"해남 꿀고구마, 베니하루카 품종 포슬포슬",일반,5.0,1,22500.0,13600.0,8900,0.39555555555555555,0,4500.0
YMM260105-00000105,SMF14158451,"[1+1이벤트]초고당도 타이벡 감귤, 1월 6일 출고 예정",일반,2.5,1,29000.0,19000.0,10000,0.3448275862068966,1,11600.0
YMM260105-00000107,SMF14158451,"[1+1이벤트]초고당도 타이벡 감귤, 1월 6일 출고 예정",일반,4.5,1,39000.0,29000.0,10000,0.2564102564102564,1,8666.666666666666
YMM260105-00000108,SMF14158451,"[1+1이벤트]초고당도 타이벡 감귤, 1월 6일 출고 예정",일반,4.5,1,39000.0,29000.0,10000,0.2564102564102564,1,8666.666666666666
YMM260105-00000109,SMF14158451,"[1+1이벤트]초고당도 타이벡 감귤, 1월 6일 출고 예정",일반,4.5,1,39000.0,29000.0,10000,0.2564102564102564,1,8666.666666666666
YMM260105-00000110,SMF14158451,"[1+1이벤트]초고당도 타이벡 감귤, 1월 6일 출고 예정",일반,4.5,1,39000.0,29000.0,10000,0.2564102564102564,1,8666.666666666666
YMM260105-00000111,SMF78619818,과즙폭발 겨울의 꽃 조생 감귤,로얄과,4.5,1,19900.0,13200.0,6700,0.33668341708542715,0,4422.222222222223
YMM260105-00000113,SMF14158451,"[1+1이벤트]초고당도 타이벡 감귤, 1월 6일 출고 예정",일반,2.5,1,29000.0,19000.0,10000,0.3448275862068966,1,11600.0
YMM260105-00000114,SMF14158451,"[1+1이벤트]초고당도 타이벡 감귤, 1월 6일 출고 예정",일반,4.5,1,39000.0,29000.0,10000,0.2564102564102564,1,8666.666666666666
YMM260105-00000115,SMF78619818,과즙폭발 겨울의 꽃 조생 감귤,로얄과,4.5,1,19900.0,13200.0,6700,0.33668341708542715,0,4422.222222222223
YMM260106-00000001,SMF14158451,"[1+1이벤트]초고당도 타이벡 감귤, 1월 6일 출고 예정",일반,2.5,1,29000.0,19000.0,10000,0.3448275862068966,1,11600.0
YMM260106-00000002,SMF87201852,초고당도 타이벡감귤 2025년 첫 수확,일반,5.0,1,35000.0,20000.0,15000,0.42857142857142855,0,7000.0
YMM260106-00000004,SMF14158451,"[1+1이벤트]초고당도 타이벡 감귤, 1월 6일 출고 예정",일반,4.5,1,39000.0,29000.0,10000,0.2564102564102564,1,8666.666666666666
YMM260106-00000007,SMF78619818,과즙폭발 겨울의 꽃 조생 감귤,로얄과,2.5,1,14900.0,10000.0,4900,0.3288590604026846,0,5960.0
YMM260106-00000008,SMF34633170,실속만점 가정용 하우스 한라봉&레드향,소과,4.5,1,35000.0,22300.0,12700,0.3628571428571429,0,7777.777777777777
YMM260106-00000010,SMF78619818,과즙폭발 겨울의 꽃 조생 감귤,로얄과,4.5,1,19900.0,13200.0,6700,0.33668341708542715,0,4422.222222222223
YMM260106-00000011,SMF34633170,실속만점 가정용 하우스 한라봉&레드향,중과,2.5,2,25000.0,15250.0,19500,0.39,0,20000.0
YMM260106-00000012,SMF14158451,"[1+1이벤트]초고당도 타이벡 감귤, 1월 6일 출고 예정",일반,4.5,1,39000.0,29000.0,10000,0.2564102564102564,1,8666.666666666666
YMM260106-00000013,SMF34633170,실속만점 가정용 하우스 한라봉&레드향,중과,2.5,1,32000.0,19750.0,12250,0.3828125,0,12800.0
YMM260106-00000014,SMF78619818,과즙폭발 겨울의 꽃 조생 감귤,로얄과,4.5,1,19900.0,13200.0,6700,0.33668341708542715,0,4422.222222222223
YMM260106-00000015,SMF14158451,"[1+1이벤트]초고당도 타이벡 감귤, 1월 6일 출고 예정",일반,2.5,1,29000.0,19000.0,10000,0.3448275862068966,1,11600.0
YMM260106-00000016,SMF14158451,"[1+1이벤트]초고당도 타이벡 감귤, 1월 6일 출고 예정",일반,4.5,1,39000.0,29000.0,10000,0.2564102564102564,1,8666.666666666666
YMM260106-00000017,SMF14158451,"[1+1이벤트]초고당도 타이벡 감귤, 1월 6일 출고 예정",일반,4.5,1,39000.0,29000.0,10000,0.2564102564102564,1,8666.666666666666
YMM260106-00000018,SMF14158451,"[1+1이벤트]초고당도 타이벡 감귤, 1월 6일 출고 예정",일반,2.5,1,29000.0,19000.0,10000,0.3448275862068966,1,11600.0
YMM260106-00000019,SMF14158451,"[1+1이벤트]초고당도 타이벡 감귤, 1월 6일 출고 예정",일반,4.5,1,39000.0,29000.0,10000,0.2564102564102564,1,8666.666666666666
YMM260106-00000021,SMF14158451,"[1+1이벤트]초고당도 타이벡 감귤, 1월 6일 출고 예정",일반,2.5,1,29000.0,19000.0,10000,0.3448275862068966,1,11600.0
YMM260106-00000022,SMF78619818,과즙폭발 겨울의 꽃 조생 감귤,로얄과,4.5,1,19900.0,13200.0,6700,0.33668341708542715,0,4422.222222222223
YMM260106-00000023,SMF78619818,과즙폭발 겨울의 꽃 조생 감귤,로얄과,4.5,3,19900.0,13200.0,20100,0.33668341708542715,0,13266.666666666666
YMM260106-00000024,SMF14158451,"[1+1이벤트]초고당도 타이벡 감귤, 1월 6일 출고 예정",일반,4.5,1,39000.0,29000.0,10000,0.2564102564102564,1,8666.666666666666
YMM260106-00000025,SMF14158451,"[1+1이벤트]초고당도 타이벡 감귤, 1월 6일 출고 예정",일반,4.5,1,39000.0,29000.0,10000,0.2564102564102564,1,8666.666666666666
YMM260106-00000026,SMF87201852,초고당도 타이벡감귤 2025년 첫 수확,일반,5.0,1,35000.0,20000.0,15000,0.42857142857142855,0,7000.0
YMM260106-00000027,SMF14158451,"[1+1이벤트]초고당도 타이벡 감귤, 1월 6일 출고 예정",일반,2.5,1,29000.0,19000.0,10000,0.3448275862068966,1,11600.0
YMM260106-00000028,SMF34633170,실속만점 가정용 하우스 한라봉&레드향,대과,2.5,1,33000.0,20500.0,12500,0.3787878787878788,0,13200.0
YMM260106-00000029,SMF14158451,"[1+1이벤트]초고당도 타이벡 감귤, 1월 6일 출고 예정",일반,2.5,1,29000.0,19000.0,10000,0.3448275862068966,1,11600.0
YMM260106-00000031,SMF14158451,"[1+1이벤트]초고당도 타이벡 감귤, 1월 6일 출고 예정",일반,2.5,1,29000.0,19000.0,10000,0.3448275862068966,1,11600.0
YMM260106-00000032,SMF13606317,제주산 구좌 흙당근 비세척,일반,3.0,1,14000.0,9500.0,4500,0.32142857142857145,0,4666.666666666667
YMM260106-00000033,SMF14158451,[1+1이벤트]초고당도 타이벡 감귤,일반,4.5,1,39000.0,29000.0,10000,0.2564102564102564,1,8666.666666666666
YMM260106-00000034,SMF14158451,[1+1이벤트]초고당도 타이벡 감귤,일반,2.5,1,29000.0,19000.0,10000,0.3448275862068966,1,11600.0
YMM260106-00000035,SMF78619818,과즙폭발 겨울의 꽃 조생 감귤,로얄과,2.5,1,14900.0,10000.0,4900,0.3288590604026846,0,5960.0
YMM260106-00000036,SMF78619818,과즙폭발 겨울의 꽃 조생 감귤,로얄과,2.5,1,14900.0,10000.0,4900,0.3288590604026846,0,5960.0
YMM260106-00000037,SMF14158451,[1+1이벤트]초고당도 타이벡 감귤,일반,2.5,1,29000.0,19000.0,10000,0.3448275862068966,1,11600.0
YMM260106-00000038,SMF14158451,[1+1이벤트]초고당도 타이벡 감귤,일반,4.5,1,39000.0,29000.0,10000,0.2564102564102564,1,8666.666666666666
YMM260106-00000039,SMF14158451,[1+1이벤트]초고당도 타이벡 감귤,일반,4.5,1,39000.0,29000.0,10000,0.2564102564102564,1,8666.666666666666
YMM260106-00000040,SMF14158451,[1+1이벤트]초고당도 타이벡 감귤,일반,4.5,1,39000.0,29000.0,10000,0.2564102564102564,1,8666.666666666666
YMM260106-00000041,SMF13606317,제주산 구좌 흙당근 비세척,일반,5.0,1,19500.0,13500.0,6000,0.3076923076923077,0,3900.0
YMM260106-00000042,SMF14158451,[1+1이벤트]초고당도 타이벡 감귤,일반,4.5,1,39000.0,29000.0,10000,0.2564102564102564,1,8666.666666666666
YMM260106-00000043,SMF14158451,[1+1이벤트]초고당도 타이벡 감귤,일반,2.5,1,29000.0,19000.0,10000,0.3448275862068966,1,11600.0
YMM260106-00000044,SMF14158451,[1+1이벤트]초고당도 타이벡 감귤,일반,2.5,1,29000.0,19000.0,10000,0.3448275862068966,1,11600.0
YMM260106-00000045,SMF14158451,[1+1이벤트]초고당도 타이벡 감귤,일반,2.5,1,29000.0,19000.0,10000,0.3448275862068966,1,11600.0
YMM260106-00000046,SMF79565974,"해남 꿀고구마, 베니하루카 품종 포슬포슬",일반,3.0,1,15900.0,9200.0,6700,0.42138364779874216,0,5300.0
YMM260106-00000047,SMF14158451,[1+1이벤트]초고당도 타이벡 감귤,일반,2.5,1,29000.0,19000.0,10000,0.3448275862068966,1,11600.0
YMM260106-00000048,SMF79565974,"해남 꿀고구마, 베니하루카 품종 포슬포슬",일반,3.0,1,15900.0,9500.0,6400,0.4025157232704403,0,5300.0
YMM260106-00000049,SMF13606317,제주산 구좌 흙당근 비세척,일반,5.0,1,20000.0,14000.0,6000,0.3,0,4000.0
YMM260106-00000050,SMF14158451,[1+1이벤트]초고당도 타이벡 감귤,일반,2.5,1,29000.0,19000.0,10000,0.3448275862068966,1,11600.0
YMM260106-00000051,SMF14158451,[1+1이벤트]초고당도 타이벡 감귤,일반,2.5,1,29000.0,19000.0,10000,0.3448275862068966,1,11600.0
YMM260106-00000052,SMF78619818,과즙폭발 겨울의 꽃 조생 감귤,로얄과,4.5,4,19900.0,13200.0,26800,0.33668341708542715,0,17688.88888888889
YMM260106-00000053,SMF14158451,[1+1이벤트]초고당도 타이벡 감귤,일반,4.5,1,39000.0,29000.0,10000,0.2564102564102564,1,8666.666666666666
YMM260106-00000054,SMF14158451,[1+1이벤트]초고당도 타이벡 감귤,일반,4.5,1,39000.0,29000.0,10000,0.2564102564102564,1,8666.666666666666
YMM260106-00000055,SMF14158451,[1+1이벤트]초고당도 타이벡 감귤,일반,4.5,1,39000.0,29000.0,10000,0.2564102564102564,1,8666.666666666666
YMM260106-00000064,SMF14158451,[1+1이벤트]초고당도 타이벡 감귤,일반,2.5,1,29000.0,19000.0,10000,0.3448275862068966,1,11600.0
YMM260106-00000065,SMF14158451,[1+1이벤트]초고당도 타이벡 감귤,일반,4.5,1,39000.0,29000.0,10000,0.2564102564102564,1,8666.666666666666
YMM260106-00000066,SMF14158451,[1+1이벤트]초고당도 타이벡 감귤,일반,2.5,1,29000.0,19000.0,10000,0.3448275862068966,1,11600.0
YMM260106-00000067,SMF14158451,[1+1이벤트]초고당도 타이벡 감귤,일반,4.5,1,39000.0,29000.0,10000,0.2564102564102564,1,8666.666666666666
YMM260106-00000068,SMF14158451,[1+1이벤트]초고당도 타이벡 감귤,일반,2.5,1,29000.0,19000.0,10000,0.3448275862068966,1,11600.0
YMM260106-00000069,SMF14158451,[1+1이벤트]초고당도 타이벡 감귤,일반,2.5,1,29000.0,19000.0,10000,0.3448275862068966,1,11600.0
YMM260106-00000071,SMF14158451,[1+1이벤트]초고당도 타이벡 감귤,일반,2.5,1,29000.0,19000.0,10000,0.3448275862068966,1,11600.0
YMM260106-00000072,SMF14158451,[1+1이벤트]초고당도 타이벡 감귤,일반,2.5,1,29000.0,19000.0,10000,0.3448275862068966,1,11600.0
YMM260106-00000073,SMF14158451,[1+1이벤트]초고당도 타이벡 감귤,일반,2.5,1,29000.0,19000.0,10000,0.3448275862068966,1,11600.0
YMM260106-00000074,SMF78619818,과즙폭발 겨울의 꽃 조생 감귤,로얄과,2.5,1,14900.0,10000.0,4900,0.3288590604026846,0,5960.0
YMM260106-00000075,SMF14158451,[1+1이벤트]초고당도 타이벡 감귤,일반,4.5,1,39000.0,29000.0,10000,0.2564102564102564,1,8666.666666666666
YMM260106-00000077,SMF14158451,[1+1이벤트]초고당도 타이벡 감귤,일반,4.5,1,39000.0,29000.0,10000,0.2564102564102564,1,8666.666666666666
YMM260106-00000078,SMF14158451,[1+1이벤트]초고당도 타이벡 감귤,일반,4.5,1,39000.0,29000.0,10000,0.2564102564102564,1,8666.666666666666
YMM260106-00000079,SMF34633170,실속만점 가정용 하우스 한라봉&레드향,중과,2.5,1,32000.0,19750.0,12250,0.3828125,0,12800.0
YMM260106-00000080,SMF13606317,제주산 구좌 흙당근 비세척,일반,3.0,1,14000.0,9500.0,4500,0.32142857142857145,0,4666.666666666667
YMM260106-00000081,SMF78619818,과즙폭발 겨울의 꽃 조생 감귤,로얄과,4.5,1,19900.0,13200.0,6700,0.33668341708542715,0,4422.222222222223
YMM260106-00000082,SMF14158451,[1+1이벤트]초고당도 타이벡 감귤,일반,2.5,1,29000.0,19000.0,10000,0.3448275862068966,1,11600.0
YMM260107-00000001,SMF14158451,[1+1이벤트]초고당도 타이벡 감귤,일반,4.5,1,39000.0,29000.0,10000,0.2564102564102564,1,8666.666666666666
YMM260107-00000002,SMF14158451,[1+1이벤트]초고당도 타이벡 감귤,일반,4.5,1,39000.0,29000.0,10000,0.2564102564102564,1,8666.666666666666
YMM260107-00000003,SMF14158451,[1+1이벤트]초고당도 타이벡 감귤,일반,4.5,1,39000.0,29000.0,10000,0.2564102564102564,1,8666.666666666666
YMM260107-00000004,SMF14158451,[1+1이벤트]초고당도 타이벡 감귤,일반,2.5,1,29000.0,19000.0,10000,0.3448275862068966,1,11600.0
YMM260107-00000005,SMF14158451,[1+1이벤트]초고당도 타이벡 감귤,일반,4.5,1,39000.0,29000.0,10000,0.2564102564102564,1,8666.666666666666
YMM260107-00000006,SMF14158451,[1+1이벤트]초고당도 타이벡 감귤,일반,4.5,1,39000.0,29000.0,10000,0.2564102564102564,1,8666.666666666666
YMM260107-00000007,SMF79565974,"해남 꿀고구마, 베니하루카 품종 포슬포슬",일반,3.0,1,11900.0,6800.0,5100,0.42857142857142855,0,3966.6666666666665
YMM260107-00000008,SMF14158451,[1+1이벤트]초고당도 타이벡 감귤,일반,2.5,1,29000.0,19000.0,10000,0.3448275862068966,1,11600.0
YMM260107-00000009,SMF14158451,[1+1이벤트]초고당도 타이벡 감귤,일반,2.5,1,29000.0,19000.0,10000,0.3448275862068966,1,11600.0
YMM260107-00000010,SMF13606317,제주산 구좌 흙당근 비세척,일반,5.0,1,19500.0,13500.0,6000,0.3076923076923077,0,3900.0
YMM260107-00000011,SMF14158451,[1+1이벤트]초고당도 타이벡 감귤,일반,2.5,1,29000.0,19000.0,10000,0.3448275862068966,1,11600.0
YMM260107-00000012,SMF14158451,[1+1이벤트]초고당도 타이벡 감귤,일반,4.5,1,39000.0,29000.0,10000,0.2564102564102564,1,8666.666666666666
YMM260107-00000014,SMF14158451,[1+1이벤트]초고당도 타이벡 감귤,일반,2.5,1,29000.0,19000.0,10000,0.3448275862068966,1,11600.0
YMM260107-00000015,SMF34633170,실속만점 가정용 하우스 한라봉 레드향,대과,4.5,1,42500.0,26800.0,15700,0.36941176470588233,0,9444.444444444445
YMM260107-00000016,SMF78619818,과즙폭발 겨울의 꽃 조생 감귤,로얄과,4.5,1,19900.0,13200.0,6700,0.33668341708542715,0,4422.222222222223
YMM260107-00000017,SMF14158451,[1+1이벤트]초고당도 타이벡 감귤,일반,4.5,1,39000.0,29000.0,10000,0.2564102564102564,1,8666.666666666666
YMM260107-00000018,SMF14158451,[1+1이벤트]초고당도 타이벡 감귤,일반,2.5,1,29000.0,19000.0,10000,0.3448275862068966,1,11600.0
YMM260107-00000020,SMF14158451,[1+1이벤트]초고당도 타이벡 감귤,일반,4.5,1,39000.0,29000.0,10000,0.2564102564102564,1,8666.666666666666
YMM260107-00000022,SMF14158451,[1+1이벤트]초고당도 타이벡 감귤,일반,2.5,1,29000.0,19000.0,10000,0.3448275862068966,1,11600.0
YMM260107-00000023,SMF14158451,[1+1이벤트]초고당도 타이벡 감귤,일반,4.5,1,39000.0,29000.0,10000,0.2564102564102564,1,8666.666666666666
YMM260107-00000024,SMF78619818,과즙폭발 겨울의 꽃 조생 감귤,로얄과,4.5,1,19900.0,13200.0,6700,0.33668341708542715,0,4422.222222222223
YMM260107-00000026,SMF78619818,과즙폭발 겨울의 꽃 조생 감귤,로얄과,4.5,1,19900.0,13200.0,6700,0.33668341708542715,0,4422.222222222223
YMM260107-00000027,SMF14158451,[1+1이벤트]초고당도 타이벡 감귤,일반,2.5,1,29000.0,19000.0,10000,0.3448275862068966,1,11600.0
YMM260107-00000028,SMF79565974,"해남 꿀고구마, 베니하루카 품종 포슬포슬",일반,3.0,1,11900.0,6800.0,5100,0.42857142857142855,0,3966.6666666666665
YMM260107-00000030,SMF13606317,제주산 구좌 흙당근 비세척,일반,3.0,1,14000.0,9500.0,4500,0.32142857142857145,0,4666.666666666667
YMM260107-00000031,SMF14158451,[1+1이벤트]초고당도 타이벡 감귤,일반,2.5,1,29000.0,19000.0,10000,0.3448275862068966,1,11600.0
YMM260107-00000032,SMF13606317,제주산 구좌 흙당근 비세척,일반,10.0,1,29500.0,21000.0,8500,0.288135593220339,0,2950.0
YMM260107-00000033,SMF34633170,실속만점 가정용 하우스 한라봉&레드향,중과,2.5,1,32000.0,19750.0,12250,0.3828125,0,12800.0
YMM260107-00000034,SMF13606317,제주산 구좌 흙당근 비세척,일반,3.0,1,14000.0,9500.0,4500,0.32142857142857145,0,4666.666666666667
YMM260107-00000035,SMF14158451,[1+1이벤트]초고당도 타이벡 감귤,일반,4.5,2,39000.0,29000.0,20000,0.2564102564102564,1,17333.333333333332
YMM260107-00000036,SMF14158451,[1+1이벤트]초고당도 타이벡 감귤,일반,2.5,1,29000.0,19000.0,10000,0.3448275862068966,1,11600.0
YMM260107-00000037,SMF14158451,[1+1이벤트]초고당도 타이벡 감귤,일반,4.5,1,39000.0,29000.0,10000,0.2564102564102564,1,8666.666666666666
YMM260107-00000039,SMF14158451,[1+1이벤트]초고당도 타이벡 감귤,일반,2.5,1,29000.0,19000.0,10000,0.3448275862068966,1,11600.0
YMM260107-00000040,SMF14158451,[1+1이벤트]초고당도 타이벡 감귤,일반,4.5,1,39000.0,29000.0,10000,0.2564102564102564,1,8666.666666666666
YMM260107-00000041,SMF78619818,과즙폭발 겨울의 꽃 조생 감귤,로얄과,4.5,2,19900.0,13200.0,13400,0.33668341708542715,0,8844.444444444445
YMM260107-00000042,SMF78619818,과즙폭발 겨울의 꽃 조생 감귤,로얄과,2.5,1,14900.0,10000.0,4900,0.3288590604026846,0,5960.0
YMM260107-00000044,SMF14158451,[1+1이벤트]초고당도 타이벡 감귤,일반,4.5,1,39000.0,29000.0,10000,0.2564102564102564,1,8666.666666666666
YMM260107-00000045,SMF14158451,[1+1이벤트]초고당도 타이벡 감귤,일반,4.5,1,39000.0,29000.0,10000,0.2564102564102564,1,8666.666666666666
YMM260107-00000046,SMF78619818,과즙폭발 겨울의 꽃 조생 감귤,로얄과,2.5,1,14900.0,10000.0,4900,0.3288590604026846,0,5960.0
YMM260107-00000047,SMF14158451,[1+1이벤트]초고당도 타이벡 감귤,일반,4.5,2,39000.0,29000.0,20000,0.2564102564102564,1,17333.333333333332
YMM260107-00000048,SMF78619818,과즙폭발 겨울의 꽃 조생 감귤,로얄과,2.5,1,14900.0,10000.0,4900,0.3288590604026846,0,5960.0
YMM260107-00000049,SMF14158451,[1+1이벤트]초고당도 타이벡 감귤,일반,2.5,1,29000.0,19000.0,10000,0.3448275862068966,1,11600.0
YMM260107-00000050,SMF14158451,[1+1이벤트]초고당도 타이벡 감귤,일반,2.5,1,29000.0,19000.0,10000,0.3448275862068966,1,11600.0
YMM260107-00000051,SMF13606317,제주산 구좌 흙당근 비세척,일반,3.0,1,14000.0,9500.0,4500,0.32142857142857145,0,4666.666666666667
YMM260107-00000052,SMF78619818,과즙폭발 겨울의 꽃 조생 감귤,로얄과,4.5,1,19900.0,13200.0,6700,0.33668341708542715,0,4422.222222222223
YMM260107-00000053,SMF13606317,제주산 구좌 흙당근 비세척,일반,3.0,1,14000.0,9500.0,4500,0.32142857142857145,0,4666.666666666667
YMM260107-00000054,SMF34633170,실속만점 가정용 하우스 한라봉&레드향,중과,2.5,1,25000.0,15250.0,9750,0.39,0,10000.0
YMM260107-00000056,SMF14158451,[1+1이벤트]초고당도 타이벡 감귤,일반,2.5,1,29000.0,19000.0,10000,0.3448275862068966,1,11600.0
YMM260108-00000001,SMF14158451,[1+1이벤트]초고당도 타이벡 감귤,일반,4.5,1,39000.0,29000.0,10000,0.2564102564102564,1,8666.666666666666
YMM260108-00000002,SMF14158451,[1+1이벤트]초고당도 타이벡 감귤,일반,4.5,1,39000.0,29000.0,10000,0.2564102564102564,1,8666.666666666666
YMM260108-00000003,SMF14158451,[1+1이벤트]초고당도 타이벡 감귤,일반,2.5,1,29000.0,19000.0,10000,0.3448275862068966,1,11600.0
YMM260108-00000004,SMF78619818,과즙폭발 겨울의 꽃 조생 감귤,로얄과,2.5,1,14900.0,10000.0,4900,0.3288590604026846,0,5960.0
YMM260108-00000005,SMF14158451,[1+1이벤트]초고당도 타이벡 감귤,일반,2.5,1,29000.0,19000.0,10000,0.3448275862068966,1,11600.0
YMM260108-00000006,SMF13606317,제주산 구좌 흙당근 비세척,일반,3.0,1,16500.0,12000.0,4500,0.2727272727272727,0,5500.0
YMM260108-00000007,SMF78619818,과즙폭발 겨울의 꽃 조생 감귤,로얄과,4.5,1,19900.0,13200.0,6700,0.33668341708542715,0,4422.222222222223
YMM260108-00000008,SMF34633170,실속만점 가정용 하우스 한라봉&레드향,대과,4.5,1,55000.0,34000.0,21000,0.38181818181818183,0,12222.222222222223
YMM260108-00000009,SMF34633170,실속만점 가정용 하우스 한라봉&레드향,대과,4.5,1,42500.0,26800.0,15700,0.36941176470588233,0,9444.444444444445
YMM260108-00000010,SMF34633170,실속만점 가정용 하우스 한라봉&레드향,대과,2.5,1,26500.0,16500.0,10000,0.37735849056603776,0,10600.0
YMM260108-00000011,SMF14158451,[1+1이벤트]초고당도 타이벡 감귤,일반,4.5,1,39000.0,29000.0,10000,0.2564102564102564,1,8666.666666666666
YMM260108-00000012,SMF14158451,[1+1이벤트]초고당도 타이벡 감귤,일반,4.5,1,39000.0,29000.0,10000,0.2564102564102564,1,8666.666666666666
YMM260108-00000013,SMF14158451,[1+1이벤트]초고당도 타이벡 감귤,일반,2.5,1,29000.0,19000.0,10000,0.3448275862068966,1,11600.0
YMM260108-00000014,SMF34633170,실속만점 가정용 하우스 한라봉&레드향,대과,2.5,1,26500.0,16500.0,10000,0.37735849056603776,0,10600.0
YMM260108-00000015,SMF79565974,"해남 꿀고구마, 베니하루카 품종 포슬포슬",일반,3.0,1,15900.0,9200.0,6700,0.42138364779874216,0,5300.0
YMM260108-00000016,SMF13606317,제주산 구좌 흙당근 비세척,일반,5.0,1,19500.0,13500.0,6000,0.3076923076923077,0,3900.0
YMM260108-00000017,SMF14158451,[1+1이벤트]초고당도 타이벡 감귤,일반,4.5,1,39000.0,29000.0,10000,0.2564102564102564,1,8666.666666666666
YMM260108-00000018,SMF79565974,"해남 꿀고구마, 베니하루카 품종 포슬포슬",일반,2.0,1,11500.0,7200.0,4300,0.3739130434782609,0,5750.0
YMM260108-00000019,SMF14158451,[1+1이벤트]초고당도 타이벡 감귤,일반,2.5,1,29000.0,19000.0,10000,0.3448275862068966,1,11600.0
YMM260108-00000020,SMF78619818,과즙폭발 겨울의 꽃 조생 감귤,로얄과,4.5,1,19900.0,13200.0,6700,0.33668341708542715,0,4422.222222222223
YMM260108-00000021,SMF78619818,과즙폭발 겨울의 꽃 조생 감귤,로얄과,4.5,1,19900.0,13200.0,6700,0.33668341708542715,0,4422.222222222223
YMM260108-00000022,SMF14158451,[1+1이벤트]초고당도 타이벡 감귤,일반,4.5,1,39000.0,29000.0,10000,0.2564102564102564,1,8666.666666666666
YMM260108-00000023,SMF14158451,[1+1이벤트]초고당도 타이벡 감귤,일반,4.5,1,39000.0,29000.0,10000,0.2564102564102564,1,8666.666666666666
YMM260108-00000024,SMF87201852,초고당도 타이벡감귤 2025년 첫 수확,일반,5.0,1,35000.0,20000.0,15000,0.42857142857142855,0,7000.0
YMM260108-00000025,SMF78619818,과즙폭발 겨울의 꽃 조생 감귤,로얄과,4.5,2,19900.0,13200.0,13400,0.33668341708542715,0,8844.444444444445
YMM260108-00000026,SMF79565974,"해남 꿀고구마, 베니하루카 품종 포슬포슬",일반,2.0,1,11500.0,7200.0,4300,0.3739130434782609,0,5750.0
YMM260108-00000030,SMF78619818,과즙폭발 겨울의 꽃 조생 감귤,로얄과,4.5,2,19900.0,13200.0,13400,0.33668341708542715,0,8844.444444444445
YMM260108-00000031,SMF78619818,과즙폭발 겨울의 꽃 조생 감귤,로얄과,4.5,1,19900.0,13200.0,6700,0.33668341708542715,0,4422.222222222223
YMM260108-00000032,SMF78619818,과즙폭발 겨울의 꽃 조생 감귤,로얄과,2.5,1,14900.0,10000.0,4900,0.3288590604026846,0,5960.0
YMM260108-00000033,SMF78619818,과즙폭발 겨울의 꽃 조생 감귤,로얄과,2.5,1,14900.0,10000.0,4900,0.3288590604026846,0,5960.0
YMM260108-00000034,SMF78619818,과즙폭발 겨울의 꽃 조생 감귤,로얄과,2.5,1,14900.0,10000.0,4900,0.3288590604026846,0,5960.0
YMM260108-00000035,SMF79565974,"해남 꿀고구마, 베니하루카 품종 포슬포슬",일반,3.0,1,11900.0,6800.0,5100,0.42857142857142855,0,3966.6666666666665
YMM260108-00000036,SMF95760083,과즙폭발 겨울의 꽃 조생 감귤,로얄과,2.5,1,1370800.0,10000.0,1360800,0.9927049897869857,0,548320.0
YMM260108-00000037,SMF14158451,[1+1이벤트]초고당도 타이벡 감귤,일반,4.5,1,39000.0,22000.0,17000,0.4358974358974359,1,8666.666666666666
YMM260108-00000038,SMF24484057,초고당도 타이벡감귤 2025년 첫 수확,일반,5.0,1,29000.0,13500.0,15500,0.5344827586206896,0,5800.0
YMM260108-00000040,SMF14158451,[1+1이벤트]초고당도 타이벡 감귤,일반,2.5,1,29000.0,13500.0,15500,0.5344827586206896,1,11600.0
YMM260108-00000042,SMF14158451,[1+1이벤트]초고당도 타이벡 감귤,일반,2.5,1,29000.0,13500.0,15500,0.5344827586206896,1,11600.0
YMM260108-00000044,SMF14158451,[1+1이벤트]초고당도 타이벡 감귤,일반,2.5,1,29000.0,13500.0,15500,0.5344827586206896,1,11600.0
YMM260108-00000047,SMF79565974,"해남 꿀고구마, 베니하루카 품종 포슬포슬",일반,5.0,1,22500.0,13600.0,8900,0.39555555555555555,0,4500.0
YMM260108-00000048,SMF78619818,과즙폭발 겨울의 꽃 조생 감귤,로얄과,4.5,1,19900.0,13500.0,6400,0.32160804020100503,0,4422.222222222223
YMM260108-00000049,SMF14158451,[1+1이벤트]초고당도 타이벡 감귤,일반,4.5,1,39000.0,22000.0,17000,0.4358974358974359,1,8666.666666666666
YMM260108-00000051,SMF78619818,과즙폭발 겨울의 꽃 조생 감귤,로얄과,4.5,2,19900.0,13500.0,12800,0.32160804020100503,0,8844.444444444445
YMM260108-00000052,SMF34633170,실속만점 가정용 하우스 한라봉&레드향,대과,4.5,1,42500.0,26800.0,15700,0.36941176470588233,0,9444.444444444445
YMM260108-00000053,SMF78619818,과즙폭발 겨울의 꽃 조생 감귤,로얄과,4.5,1,19900.0,13500.0,6400,0.32160804020100503,0,4422.222222222223
YMM260108-00000054,SMF14158451,[1+1이벤트]초고당도 타이벡 감귤,일반,2.5,1,29000.0,13500.0,15500,0.5344827586206896,1,11600.0
YMM260108-00000055,SMF78619818,과즙폭발 겨울의 꽃 조생 감귤,로얄과,4.5,1,19900.0,13500.0,6400,0.32160804020100503,0,4422.222222222223
YMM260108-00000056,SMF79565974,"해남 꿀고구마, 베니하루카 품종 포슬포슬",일반,3.0,1,15900.0,9200.0,6700,0.42138364779874216,0,5300.0
YMM260108-00000058,SMF78619818,과즙폭발 겨울의 꽃 조생 감귤,로얄과,4.5,1,19900.0,13500.0,6400,0.32160804020100503,0,4422.222222222223
YMM260108-00000059,SMF14158451,[1+1이벤트]초고당도 타이벡 감귤,일반,2.5,1,29000.0,13500.0,15500,0.5344827586206896,1,11600.0
YMM260108-00000060,SMF14158451,[1+1이벤트]초고당도 타이벡 감귤,일반,2.5,1,29000.0,13500.0,15500,0.5344827586206896,1,11600.0
YMM260108-00000062,SMF78619818,과즙폭발 겨울의 꽃 조생 감귤,로얄과,2.5,1,14900.0,10000.0,4900,0.3288590604026846,0,5960.0
YMM260108-00000063,SMF79565974,"해남 꿀고구마, 베니하루카 품종 포슬포슬",일반,3.0,1,15900.0,9500.0,6400,0.4025157232704403,0,5300.0
YMM260108-00000064,SMF14158451,[1+1이벤트]초고당도 타이벡 감귤,일반,4.5,1,39000.0,22000.0,17000,0.4358974358974359,1,8666.666666666666
YMM260108-00000065,SMF79565974,"해남 꿀고구마, 베니하루카 품종 포슬포슬",일반,3.0,1,15900.0,9500.0,6400,0.4025157232704403,0,5300.0
YMM260108-00000066,SMF14158451,[1+1이벤트]초고당도 타이벡 감귤,일반,2.5,1,29000.0,13500.0,15500,0.5344827586206896,1,11600.0
YMM260108-00000067,SMF14158451,[1+1이벤트]초고당도 타이벡 감귤,일반,4.5,1,39000.0,22000.0,17000,0.4358974358974359,1,8666.666666666666
YMM260109-00000001,SMF14158451,[1+1이벤트]초고당도 타이벡 감귤,일반,2.5,1,29000.0,13500.0,15500,0.5344827586206896,1,11600.0
YMM260109-00000004,SMF78619818,과즙폭발 겨울의 꽃 조생 감귤,로얄과,4.5,1,19900.0,13500.0,6400,0.32160804020100503,0,4422.222222222223
YMM260109-00000005,SMF78619818,과즙폭발 겨울의 꽃 조생 감귤,로얄과,2.5,1,14900.0,10000.0,4900,0.3288590604026846,0,5960.0
YMM260109-00000006,SMF14158451,[1+1이벤트]초고당도 타이벡 감귤,일반,4.5,1,39000.0,22000.0,17000,0.4358974358974359,1,8666.666666666666
YMM260109-00000007,SMF14158451,[1+1이벤트]초고당도 타이벡 감귤,일반,4.5,1,39000.0,22000.0,17000,0.4358974358974359,1,8666.666666666666
YMM260109-00000008,SMF14158451,[1+1이벤트]초고당도 타이벡 감귤,일반,4.5,1,39000.0,22000.0,17000,0.4358974358974359,1,8666.666666666666
YMM260109-00000009,SMF78619818,과즙폭발 겨울의 꽃 조생 감귤,로얄과,4.5,1,19900.0,13500.0,6400,0.32160804020100503,0,4422.222222222223
YMM260109-00000010,SMF14158451,[1+1이벤트]초고당도 타이벡 감귤,일반,4.5,1,39000.0,22000.0,17000,0.4358974358974359,1,8666.666666666666
YMM260109-00000011,SMF78619818,과즙폭발 겨울의 꽃 조생 감귤,로얄과,2.5,1,14900.0,10000.0,4900,0.3288590604026846,0,5960.0
YMM260109-00000012,SMF87201852,초고당도 타이벡감귤 2025년 첫 수확,일반,5.0,1,35000.0,13500.0,21500,0.6142857142857143,0,7000.0
YMM260109-00000013,SMF34633170,실속만점 가정용 하우스 한라봉&레드향,대과,4.5,1,42500.0,26800.0,15700,0.36941176470588233,0,9444.444444444445
YMM260109-00000014,SMF79565974,"해남 꿀고구마, 베니하루카 품종 포슬포슬",일반,3.0,1,15900.0,8900.0,7000,0.44025157232704404,0,5300.0
YMM260109-00000015,SMF79565974,"해남 꿀고구마, 베니하루카 품종 포슬포슬",일반,5.0,1,22500.0,13100.0,9400,0.4177777777777778,0,4500.0
YMM260109-00000016,SMF14158451,[1+1이벤트]초고당도 타이벡 감귤,일반,4.5,1,39000.0,22000.0,17000,0.4358974358974359,1,8666.666666666666
YMM260109-00000017,SMF14158451,[1+1이벤트]초고당도 타이벡 감귤,일반,4.5,1,39000.0,22000.0,17000,0.4358974358974359,1,8666.666666666666
YMM260109-00000018,SMF14158451,[1+1이벤트]초고당도 타이벡 감귤,일반,4.5,1,39000.0,22000.0,17000,0.4358974358974359,1,8666.666666666666
YMM260109-00000019,SMF14158451,[1+1이벤트]초고당도 타이벡 감귤,일반,2.5,1,29000.0,13500.0,15500,0.5344827586206896,1,11600.0
YMM260109-00000020,SMF14158451,[1+1이벤트]초고당도 타이벡 감귤,일반,4.5,1,39000.0,22000.0,17000,0.4358974358974359,1,8666.666666666666
YMM260109-00000021,SMF14158451,[1+1이벤트]초고당도 타이벡 감귤,일반,4.5,1,39000.0,22000.0,17000,0.4358974358974359,1,8666.666666666666
YMM260109-00000022,SMF14158451,[1+1이벤트]초고당도 타이벡 감귤,일반,4.5,1,39000.0,22000.0,17000,0.4358974358974359,1,8666.666666666666
YMM260109-00000023,SMF34633170,실속만점 가정용 하우스 한라봉&레드향,중과,2.5,1,32000.0,19750.0,12250,0.3828125,0,12800.0
YMM260109-00000025,SMF14158451,[1+1이벤트]초고당도 타이벡 감귤,일반,2.5,1,29000.0,13500.0,15500,0.5344827586206896,1,11600.0
YMM260109-00000026,SMF34633170,실속만점 가정용 하우스 한라봉&레드향,대과,4.5,1,42500.0,26800.0,15700,0.36941176470588233,0,9444.444444444445
YMM260109-00000027,SMF34633170,실속만점 가정용 하우스 한라봉&레드향,대과,4.5,3,55000.0,34000.0,63000,0.38181818181818183,0,36666.666666666664
YMM260109-00000028,SMF14158451,[1+1이벤트]초고당도 타이벡 감귤,일반,4.5,1,39000.0,22000.0,17000,0.4358974358974359,1,8666.666666666666
YMM260109-00000029,SMF14158451,[1+1이벤트]초고당도 타이벡 감귤,일반,2.5,1,29000.0,13500.0,15500,0.5344827586206896,1,11600.0
YMM260109-00000030,SMF14158451,[1+1이벤트]초고당도 타이벡 감귤,일반,2.5,1,29000.0,13500.0,15500,0.5344827586206896,1,11600.0
YMM260109-00000031,SMF34633170,실속만점 가정용 하우스 한라봉&레드향,중과,2.5,1,25000.0,15250.0,9750,0.39,0,10000.0
YMM260109-00000033,SMF14158451,[1+1이벤트]초고당도 타이벡 감귤,일반,2.5,1,29000.0,13500.0,15500,0.5344827586206896,1,11600.0
YMM260109-00000034,SMF14158451,[1+1이벤트]초고당도 타이벡 감귤,일반,2.5,1,29000.0,13500.0,15500,0.5344827586206896,1,11600.0
YMM260109-00000035,SMF13606317,제주산 구좌 흙당근 비세척,일반,3.0,1,14000.0,9500.0,4500,0.32142857142857145,0,4666.666666666667
YMM260109-00000036,SMF14158451,[1+1이벤트]초고당도 타이벡 감귤,일반,4.5,1,39000.0,22000.0,17000,0.4358974358974359,1,8666.666666666666
YMM260109-00000037,SMF14158451,[1+1이벤트]초고당도 타이벡 감귤,일반,4.5,1,39000.0,22000.0,17000,0.4358974358974359,1,8666.666666666666
YMM260109-00000039,SMF14158451,[1+1이벤트]초고당도 타이벡 감귤,일반,4.5,1,39000.0,22000.0,17000,0.4358974358974359,1,8666.666666666666
YMM260109-00000040,SMF14158451,[1+1이벤트]초고당도 타이벡 감귤,일반,4.5,1,39000.0,22000.0,17000,0.4358974358974359,1,8666.666666666666
YMM260109-00000042,SMF34633170,실속만점 가정용 하우스 한라봉&레드향,소과,2.5,1,31000.0,19000.0,12000,0.3870967741935484,0,12400.0
YMM260109-00000043,SMF14158451,[1+1이벤트]초고당도 타이벡 감귤,일반,2.5,1,29000.0,13500.0,15500,0.5344827586206896,1,11600.0
YMM260109-00000045,SMF14158451,[1+1이벤트]초고당도 타이벡 감귤,일반,2.5,1,29000.0,13500.0,15500,0.5344827586206896,1,11600.0
YMM260109-00000048,SMF14158451,[1+1이벤트]초고당도 타이벡 감귤,일반,2.5,1,29000.0,13500.0,15500,0.5344827586206896,1,11600.0
YMM260109-00000049,SMF78619818,과즙폭발 겨울의 꽃 조생 감귤,로얄과,2.5,1,14900.0,10000.0,4900,0.3288590604026846,0,5960.0
YMM260110-00000001,SMF78619818,과즙폭발 겨울의 꽃 조생 감귤,로얄과,2.5,1,14900.0,10000.0,4900,0.3288590604026846,0,5960.0
YMM260110-00000002,SMF14158451,[1+1이벤트]초고당도 타이벡 감귤,일반,2.5,1,29000.0,13500.0,15500,0.5344827586206896,1,11600.0
YMM260110-00000003,SMF14158451,[1+1이벤트]초고당도 타이벡 감귤,일반,2.5,1,29000.0,13500.0,15500,0.5344827586206896,1,11600.0
YMM260110-00000004,SMF78619818,과즙폭발 겨울의 꽃 조생 감귤,로얄과,2.5,1,14900.0,10000.0,4900,0.3288590604026846,0,5960.0
YMM260110-00000005,SMF14158451,[1+1이벤트]초고당도 타이벡 감귤,일반,4.5,1,39000.0,22000.0,17000,0.4358974358974359,1,8666.666666666666
YMM260110-00000006,SMF78619818,과즙폭발 겨울의 꽃 조생 감귤,로얄과,4.5,2,19900.0,13500.0,12800,0.32160804020100503,0,8844.444444444445
YMM260110-00000007,SMF78619818,과즙폭발 겨울의 꽃 조생 감귤,로얄과,4.5,1,19900.0,13500.0,6400,0.32160804020100503,0,4422.222222222223
YMM260110-00000008,SMF14158451,[1+1이벤트]초고당도 타이벡 감귤,일반,2.5,1,29000.0,13500.0,15500,0.5344827586206896,1,11600.0
YMM260110-00000009,SMF14158451,[1+1이벤트]초고당도 타이벡 감귤,일반,4.5,1,39000.0,22000.0,17000,0.4358974358974359,1,8666.666666666666
YMM260110-00000010,SMF14158451,[1+1이벤트]초고당도 타이벡 감귤,일반,2.5,1,29000.0,13500.0,15500,0.5344827586206896,1,11600.0
YMM260110-00000011,SMF14158451,[1+1이벤트]초고당도 타이벡 감귤,일반,2.5,1,29000.0,13500.0,15500,0.5344827586206896,1,11600.0
YMM260110-00000012,SMF34633170,실속만점 가정용 하우스 한라봉&레드향,중과,2.5,1,25000.0,15250.0,9750,0.39,0,10000.0
YMM260110-00000013,SMF78619818,과즙폭발 겨울의 꽃 조생 감귤,로얄과,2.5,1,14900.0,10000.0,4900,0.3288590604026846,0,5960.0
YMM260110-00000014,SMF78619818,과즙폭발 겨울의 꽃 조생 감귤,로얄과,4.5,2,19900.0,13500.0,12800,0.32160804020100503,0,8844.444444444445
YMM260110-00000015,SMF14158451,[1+1이벤트]초고당도 타이벡 감귤,일반,4.5,2,39000.0,22000.0,34000,0.4358974358974359,1,17333.333333333332
YMM260111-00000001,SMF14158451,[1+1이벤트]초고당도 타이벡 감귤,일반,4.5,1,39000.0,22000.0,17000,0.4358974358974359,1,8666.666666666666
YMM260111-00000002,SMF78619818,과즙폭발 겨울의 꽃 조생 감귤,로얄과,4.5,1,19900.0,13500.0,6400,0.32160804020100503,0,4422.222222222223
YMM260111-00000003,SMF14158451,[1+1이벤트]초고당도 타이벡 감귤,일반,4.5,1,39000.0,22000.0,17000,0.4358974358974359,1,8666.666666666666
YMM260111-00000005,SMF26601701,엄선된 프리미엄 과일 선물세트,일반,0.0,1,64500.0,42000.0,22500,0.3488372093023256,0,0.0
YMM260111-00000006,SMF14158451,[1+1이벤트]초고당도 타이벡 감귤,일반,4.5,1,39000.0,22000.0,17000,0.4358974358974359,1,8666.666666666666
YMM260111-00000008,SMF14158451,[1+1이벤트]초고당도 타이벡 감귤,일반,2.5,1,29000.0,13500.0,15500,0.5344827586206896,1,11600.0
YMM260111-00000009,SMF14158451,[1+1이벤트]초고당도 타이벡 감귤,일반,4.5,1,39000.0,22000.0,17000,0.4358974358974359,1,8666.666666666666
YMM260111-00000010,SMF14158451,[1+1이벤트]초고당도 타이벡 감귤,일반,2.5,1,29000.0,13500.0,15500,0.5344827586206896,1,11600.0
YMM260111-00000011,SMF14158451,[1+1이벤트]초고당도 타이벡 감귤,일반,2.5,1,29000.0,13500.0,15500,0.5344827586206896,1,11600.0
YMM260111-00000012,SMF14158451,[1+1이벤트]초고당도 타이벡 감귤,일반,2.5,1,29000.0,13500.0,15500,0.5344827586206896,1,11600.0
YMM260111-00000013,SMF13606317,제주산 구좌 흙당근 비세척,일반,3.0,1,14000.0,9500.0,4500,0.32142857142857145,0,4666.666666666667
YMM260111-00000014,SMF14158451,[1+1이벤트]초고당도 타이벡 감귤,일반,2.5,1,29000.0,13500.0,15500,0.5344827586206896,1,11600.0
YMM260111-00000015,SMF14158451,[1+1이벤트]초고당도 타이벡 감귤,일반,4.5,1,39000.0,22000.0,17000,0.4358974358974359,1,8666.666666666666
YMM260111-00000016,SMF13606317,제주산 구좌 흙당근 비세척,일반,3.0,1,14000.0,9500.0,4500,0.32142857142857145,0,4666.666666666667
YMM260111-00000017,SMF78619818,과즙폭발 겨울의 꽃 조생 감귤,로얄과,2.5,2,14900.0,10000.0,9800,0.3288590604026846,0,11920.0
YMM260111-00000018,SMF78619818,과즙폭발 겨울의 꽃 조생 감귤,로얄과,4.5,1,19900.0,13500.0,6400,0.32160804020100503,0,4422.222222222223
YMM260111-00000019,SMF78619818,과즙폭발 겨울의 꽃 조생 감귤,로얄과,4.5,1,19900.0,13500.0,6400,0.32160804020100503,0,4422.222222222223
YMM260111-00000020,SMF78619818,과즙폭발 겨울의 꽃 조생 감귤,로얄과,4.5,1,19900.0,13500.0,6400,0.32160804020100503,0,4422.222222222223
YMM260111-00000021,SMF13606317,제주산 구좌 흙당근 비세척,일반,5.0,1,18000.0,12000.0,6000,0.3333333333333333,0,3600.0
YMM260111-00000022,SMF14158451,[1+1이벤트]초고당도 타이벡 감귤,일반,2.5,1,29000.0,13500.0,15500,0.5344827586206896,1,11600.0
YMM260111-00000023,SMF34633170,실속만점 가정용 하우스 한라봉&레드향,중과,2.5,1,25000.0,15250.0,9750,0.39,0,10000.0
YMM260111-00000024,SMF24484057,초고당도 타이벡감귤 2025년 첫 수확,일반,5.0,1,29000.0,13500.0,15500,0.5344827586206896,0,5800.0
YMM260111-00000025,SMF14158451,[1+1이벤트]초고당도 타이벡 감귤,일반,4.5,1,39000.0,22000.0,17000,0.4358974358974359,1,8666.666666666666
YMM260111-00000026,SMF34633170,실속만점 가정용 하우스 한라봉&레드향,중과,2.5,1,25000.0,15250.0,9750,0.39,0,10000.0
YMM260111-00000027,SMF34633170,실속만점 가정용 하우스 한라봉&레드향,중과,2.5,1,25000.0,15250.0,9750,0.39,0,10000.0
YMM260111-00000028,SMF13606317,제주산 구좌 흙당근 비세척,일반,3.0,1,16500.0,12000.0,4500,0.2727272727272727,0,5500.0
YMM260111-00000029,SMF14158451,[1+1이벤트]초고당도 타이벡 감귤,일반,4.5,1,39000.0,22000.0,17000,0.4358974358974359,1,8666.666666666666
YMM260111-00000030,SMF34633170,실속만점 가정용 하우스 한라봉&레드향,대과,2.5,2,29250.0,18125.0,22250,0.3803418803418803,0,23400.0
YMM260111-00000031,SMF78619818,과즙폭발 겨울의 꽃 조생 감귤,로얄과,2.5,1,14900.0,10000.0,4900,0.3288590604026846,0,5960.0
YMM260111-00000032,SMF14158451,[1+1이벤트]초고당도 타이벡 감귤,일반,4.5,1,39000.0,22000.0,17000,0.4358974358974359,1,8666.666666666666
YMM260111-00000033,SMF78619818,과즙폭발 겨울의 꽃 조생 감귤,로얄과,4.5,1,19900.0,13500.0,6400,0.32160804020100503,0,4422.222222222223
YMM260111-00000034,SMF14158451,[1+1이벤트]초고당도 타이벡 감귤,일반,2.5,1,29000.0,13500.0,15500,0.5344827586206896,1,11600.0
YMM260111-00000035,SMF14158451,[1+1이벤트]초고당도 타이벡 감귤,일반,4.5,1,39000.0,22000.0,17000,0.4358974358974359,1,8666.666666666666
YMM260111-00000036,SMF14158451,[1+1이벤트]초고당도 타이벡 감귤,일반,4.5,1,39000.0,22000.0,17000,0.4358974358974359,1,8666.666666666666
YMM260111-00000037,SMF14158451,[1+1이벤트]초고당도 타이벡 감귤,일반,4.5,1,39000.0,22000.0,17000,0.4358974358974359,1,8666.666666666666
YMM260111-00000038,SMF79565974,"해남 꿀고구마, 베니하루카 품종 포슬포슬",일반,2.0,1,11500.0,7000.0,4500,0.391304347826087,0,5750.0
YMM260111-00000039,SMF14158451,[1+1이벤트]초고당도 타이벡 감귤,일반,2.5,1,29000.0,13500.0,15500,0.5344827586206896,1,11600.0
YMM260112-00000001,SMF14158451,[1+1이벤트]초고당도 타이벡 감귤,일반,4.5,1,39000.0,22000.0,17000,0.4358974358974359,1,8666.666666666666
YMM260112-00000002,SMF34633170,실속만점 가정용 하우스 한라봉&레드향,소과,2.5,1,31000.0,19000.0,12000,0.3870967741935484,0,12400.0
YMM260112-00000003,SMF78619818,과즙폭발 겨울의 꽃 조생 감귤,로얄과,2.5,1,14900.0,10000.0,4900,0.3288590604026846,0,5960.0
YMM260112-00000004,SMF14158451,[1+1이벤트]초고당도 타이벡 감귤,일반,2.5,1,29000.0,13500.0,15500,0.5344827586206896,1,11600.0
YMM260112-00000005,SMF14158451,[1+1이벤트]초고당도 타이벡 감귤,일반,4.5,1,39000.0,22000.0,17000,0.4358974358974359,1,8666.666666666666
YMM260112-00000006,SMF14158451,[1+1이벤트]초고당도 타이벡 감귤,일반,2.5,1,29000.0,13500.0,15500,0.5344827586206896,1,11600.0
YMM260112-00000007,SMF14158451,[1+1이벤트]초고당도 타이벡 감귤,일반,2.5,1,29000.0,13500.0,15500,0.5344827586206896,1,11600.0
YMM260112-00000008,SMF14158451,[1+1이벤트]초고당도 타이벡 감귤,일반,4.5,1,39000.0,22000.0,17000,0.4358974358974359,1,8666.666666666666
YMM260112-00000009,SMF26601701,엄선된 프리미엄 과일 선물세트,대과,4.5,1,62000.0,38500.0,23500,0.3790322580645161,0,13777.777777777777
YMM260112-00000010,SMF14158451,[1+1이벤트]초고당도 타이벡 감귤,일반,4.5,12,39000.0,22000.0,204000,0.4358974358974359,1,104000.0
YMM260112-00000011,SMF13606317,제주산 구좌 흙당근 비세척,일반,3.0,1,14000.0,9500.0,4500,0.32142857142857145,0,4666.666666666667
YMM260112-00000012,SMF79565974,"해남 꿀고구마, 베니하루카 품종 포슬포슬",일반,3.0,1,15900.0,8900.0,7000,0.44025157232704404,0,5300.0
YMM260112-00000013,SMF14158451,[1+1이벤트]초고당도 타이벡 감귤,일반,4.5,1,39000.0,22000.0,17000,0.4358974358974359,1,8666.666666666666
YMM260112-00000014,SMF78619818,과즙폭발 겨울의 꽃 조생 감귤,로얄과,2.5,1,14900.0,10000.0,4900,0.3288590604026846,0,5960.0
YMM260112-00000015,SMF14158451,[1+1이벤트]초고당도 타이벡 감귤,일반,2.5,4,29000.0,13500.0,62000,0.5344827586206896,1,46400.0
YMM260112-00000016,SMF34633170,실속만점 가정용 하우스 한라봉&레드향,대과,4.5,1,55000.0,34000.0,21000,0.38181818181818183,0,12222.222222222223
YMM260112-00000017,SMF14158451,[1+1이벤트]초고당도 타이벡 감귤,일반,4.5,1,39000.0,22000.0,17000,0.4358974358974359,1,8666.666666666666
YMM260112-00000018,SMF14158451,[1+1이벤트]초고당도 타이벡 감귤,일반,4.5,1,39000.0,22000.0,17000,0.4358974358974359,1,8666.666666666666
YMM260112-00000019,SMF14158451,[1+1이벤트]초고당도 타이벡 감귤,일반,2.5,1,29000.0,13500.0,15500,0.5344827586206896,1,11600.0
YMM260112-00000020,SMF14158451,[1+1이벤트]초고당도 타이벡 감귤,일반,2.5,1,29000.0,13500.0,15500,0.5344827586206896,1,11600.0
YMM260112-00000021,SMF34633170,실속만점 가정용 하우스 한라봉&레드향,대과,2.5,1,26500.0,16500.0,10000,0.37735849056603776,0,10600.0
YMM260112-00000022,SMF14158451,[1+1이벤트]초고당도 타이벡 감귤,일반,4.5,1,39000.0,22000.0,17000,0.4358974358974359,1,8666.666666666666
YMM260112-00000023,SMF78619818,과즙폭발 겨울의 꽃 조생 감귤,로얄과,4.5,3,19900.0,13500.0,19200,0.32160804020100503,0,13266.666666666666
YMM260112-00000024,SMF14158451,[1+1이벤트]초고당도 타이벡 감귤,일반,2.5,1,29000.0,13500.0,15500,0.5344827586206896,1,11600.0
YMM260112-00000025,SMF78619818,과즙폭발 겨울의 꽃 조생 감귤,로얄과,4.5,1,19900.0,13500.0,6400,0.32160804020100503,0,4422.222222222223
YMM260112-00000026,SMF14158451,[1+1이벤트]초고당도 타이벡 감귤,일반,4.5,1,39000.0,22000.0,17000,0.4358974358974359,1,8666.666666666666
YMM260112-00000027,SMF78619818,과즙폭발 겨울의 꽃 조생 감귤,로얄과,2.5,1,14900.0,10000.0,4900,0.3288590604026846,0,5960.0
YMM260112-00000029,SMF34633170,실속만점 가정용 하우스 한라봉&레드향,중과,4.5,1,39000.0,24550.0,14450,0.37051282051282053,0,8666.666666666666
YMM260112-00000030,SMF79565974,"해남 꿀고구마, 베니하루카 품종 포슬포슬",일반,5.0,1,22500.0,13100.0,9400,0.4177777777777778,0,4500.0
YMM260113-00000001,SMF78619818,과즙폭발 겨울의 꽃 조생 감귤,로얄과,4.5,1,19900.0,13500.0,6400,0.32160804020100503,0,4422.222222222223
YMM260113-00000002,SMF78619818,과즙폭발 겨울의 꽃 조생 감귤,로얄과,4.5,1,19900.0,13500.0,6400,0.32160804020100503,0,4422.222222222223
YMM260113-00000003,SMF79565974,"해남 꿀고구마, 베니하루카 품종 포슬포슬",일반,2.0,1,11500.0,7000.0,4500,0.391304347826087,0,5750.0
YMM260113-00000004,SMF87201852,초고당도 타이벡감귤 2025년 첫 수확,일반,5.0,1,35000.0,13500.0,21500,0.6142857142857143,0,7000.0
YMM260113-00000005,SMF14158451,[1+1이벤트]초고당도 타이벡 감귤,일반,4.5,1,39000.0,22000.0,17000,0.4358974358974359,1,8666.666666666666
YMM260113-00000006,SMF79565974,"해남 꿀고구마, 베니하루카 품종 포슬포슬",일반,2.0,1,11500.0,7000.0,4500,0.391304347826087,0,5750.0
YMM260113-00000007,SMF34633170,실속만점 가정용 하우스 한라봉&레드향,대과,2.5,1,33000.0,20500.0,12500,0.3787878787878788,0,13200.0
YMM260113-00000008,SMF78619818,과즙폭발 겨울의 꽃 조생 감귤,로얄과,4.5,1,19900.0,13500.0,6400,0.32160804020100503,0,4422.222222222223
YMM260113-00000010,SMF13606317,제주산 구좌 흙당근 비세척,일반,5.0,1,20000.0,14000.0,6000,0.3,0,4000.0
YMM260113-00000011,SMF13606317,제주산 구좌 흙당근 비세척,일반,3.0,1,16500.0,12000.0,4500,0.2727272727272727,0,5500.0
YMM260113-00000012,SMF14158451,[1+1이벤트]초고당도 타이벡 감귤,일반,2.5,1,29000.0,13500.0,15500,0.5344827586206896,1,11600.0
YMM260113-00000013,SMF34633170,실속만점 가정용 하우스 한라봉&레드향,중과,2.5,1,32000.0,19750.0,12250,0.3828125,0,12800.0
YMM260113-00000014,SMF78619818,과즙폭발 겨울의 꽃 조생 감귤,로얄과,2.5,1,14900.0,10000.0,4900,0.3288590604026846,0,5960.0
YMM260113-00000015,SMF34633170,실속만점 가정용 하우스 한라봉&레드향,중과,2.5,1,32000.0,19750.0,12250,0.3828125,0,12800.0
YMM260113-00000016,SMF78619818,과즙폭발 겨울의 꽃 조생 감귤,로얄과,4.5,1,19900.0,13500.0,6400,0.32160804020100503,0,4422.222222222223
YMM260113-00000017,SMF13606317,제주산 구좌 흙당근 비세척,일반,3.0,1,14000.0,9500.0,4500,0.32142857142857145,0,4666.666666666667
YMM260113-00000018,SMF34633170,실속만점 가정용 하우스 한라봉&레드향,중과,2.5,1,32000.0,19750.0,12250,0.3828125,0,12800.0
YMM260113-00000019,SMF14158451,[1+1이벤트]초고당도 타이벡 감귤,일반,4.5,1,39000.0,22000.0,17000,0.4358974358974359,1,8666.666666666666
YMM260113-00000020,SMF14158451,[1+1이벤트]초고당도 타이벡 감귤,일반,4.5,1,39000.0,22000.0,17000,0.4358974358974359,1,8666.666666666666
YMM260113-00000021,SMF14158451,[1+1이벤트]초고당도 타이벡 감귤,일반,2.5,1,29000.0,13500.0,15500,0.5344827586206896,1,11600.0
YMM260113-00000022,SMF79565974,"해남 꿀고구마, 베니하루카 품종 포슬포슬",일반,10.0,1,37500.0,24000.0,13500,0.36,0,3750.0
YMM260113-00000023,SMF14158451,[1+1이벤트]초고당도 타이벡 감귤,일반,4.5,1,39000.0,22000.0,17000,0.4358974358974359,1,8666.666666666666
YMM260113-00000024,SMF34633170,실속만점 가정용 하우스 한라봉&레드향,중과,4.5,1,39000.0,24550.0,14450,0.37051282051282053,0,8666.666666666666
YMM260113-00000025,SMF78619818,과즙폭발 겨울의 꽃 조생 감귤,로얄과,4.5,1,19900.0,13500.0,6400,0.32160804020100503,0,4422.222222222223
YMM260113-00000026,SMF14158451,[1+1이벤트]초고당도 타이벡 감귤,일반,2.5,1,29000.0,13500.0,15500,0.5344827586206896,1,11600.0
YMM260113-00000027,SMF13606317,제주산 구좌 흙당근 비세척,일반,3.0,1,14000.0,9500.0,4500,0.32142857142857145,0,4666.666666666667
YMM260113-00000028,SMF14158451,[1+1이벤트]초고당도 타이벡 감귤,일반,2.5,1,29000.0,13500.0,15500,0.5344827586206896,1,11600.0
YMM260113-00000029,SMF78619818,과즙폭발 겨울의 꽃 조생 감귤,로얄과,2.5,1,14900.0,10000.0,4900,0.3288590604026846,0,5960.0
YMM260113-00000030,SMF14158451,[1+1이벤트]초고당도 타이벡 감귤,일반,4.5,1,39000.0,22000.0,17000,0.4358974358974359,1,8666.666666666666
YMM260113-00000031,SMF34633170,실속만점 가정용 하우스 한라봉&레드향,대과,4.5,2,48750.0,30400.0,36700,0.3764102564102564,0,21666.666666666668
YMM260113-00000032,SMF78619818,과즙폭발 겨울의 꽃 조생 감귤,로얄과,4.5,4,19900.0,13500.0,25600,0.32160804020100503,0,17688.88888888889
YMM260113-00000033,SMF14158451,[1+1이벤트]초고당도 타이벡 감귤,일반,4.5,1,39000.0,22000.0,17000,0.4358974358974359,1,8666.666666666666
YMM260113-00000034,SMF13606317,제주산 구좌 흙당근 비세척,일반,3.0,1,14000.0,9500.0,4500,0.32142857142857145,0,4666.666666666667
YMM260113-00000035,SMF79565974,"해남 꿀고구마, 베니하루카 품종 포슬포슬",일반,3.0,1,15900.0,8900.0,7000,0.44025157232704404,0,5300.0
YMM260113-00000036,SMF78619818,과즙폭발 겨울의 꽃 조생 감귤,로얄과,4.5,1,19900.0,13500.0,6400,0.32160804020100503,0,4422.222222222223
YMM260113-00000037,SMF78619818,과즙폭발 겨울의 꽃 조생 감귤,로얄과,4.5,1,19900.0,13500.0,6400,0.32160804020100503,0,4422.222222222223
YMM260113-00000038,SMF78619818,과즙폭발 겨울의 꽃 조생 감귤,로얄과,4.5,1,19900.0,13500.0,6400,0.32160804020100503,0,4422.222222222223
YMM260113-00000039,SMF78619818,과즙폭발 겨울의 꽃 조생 감귤,로얄과,4.5,1,19900.0,13500.0,6400,0.32160804020100503,0,4422.222222222223
YMM260113-00000040,SMF14158451,[1+1이벤트]초고당도 타이벡 감귤,일반,4.5,1,39000.0,22000.0,17000,0.4358974358974359,1,8666.666666666666
YMM260113-00000041,SMF78619818,과즙폭발 겨울의 꽃 조생 감귤,로얄과,4.5,2,19900.0,13500.0,12800,0.32160804020100503,0,8844.444444444445
YMM260113-00000042,SMF78619818,과즙폭발 겨울의 꽃 조생 감귤,로얄과,4.5,1,19900.0,13500.0,6400,0.32160804020100503,0,4422.222222222223
YMM260113-00000045,SMF13606317,제주산 구좌 흙당근 비세척,일반,3.0,1,14000.0,9500.0,4500,0.32142857142857145,0,4666.666666666667
YMM260113-00000046,SMF34633170,실속만점 가정용 하우스 한라봉&레드향,중과,2.5,4,25000.0,15250.0,39000,0.39,0,40000.0
YMM260113-00000047,SMF34633170,실속만점 가정용 하우스 한라봉&레드향,중과,2.5,1,32000.0,19750.0,12250,0.3828125,0,12800.0
YMM260113-00000048,SMF14158451,[1+1이벤트]초고당도 타이벡 감귤,일반,2.5,1,29000.0,13500.0,15500,0.5344827586206896,1,11600.0
YMM260113-00000049,SMF34633170,실속만점 가정용 하우스 한라봉&레드향,중과,2.5,1,25000.0,15250.0,9750,0.39,0,10000.0
YMM260113-00000050,SMF14158451,[1+1이벤트]초고당도 타이벡 감귤,일반,2.5,1,29000.0,13500.0,15500,0.5344827586206896,1,11600.0
YMM260113-00000051,SMF78619818,과즙폭발 겨울의 꽃 조생 감귤,로얄과,4.5,3,19900.0,13500.0,19200,0.32160804020100503,0,13266.666666666666
YMM260113-00000052,SMF14158451,[1+1이벤트]초고당도 타이벡 감귤,일반,2.5,1,29000.0,13500.0,15500,0.5344827586206896,1,11600.0
YMM260113-00000053,SMF78619818,과즙폭발 겨울의 꽃 조생 감귤,로얄과,4.5,2,19900.0,13500.0,12800,0.32160804020100503,0,8844.444444444445
YMM260113-00000054,SMF78619818,과즙폭발 겨울의 꽃 조생 감귤,로얄과,4.5,2,19900.0,13500.0,12800,0.32160804020100503,0,8844.444444444445
YMM260114-00000001,SMF78619818,과즙폭발 겨울의 꽃 조생 감귤,로얄과,4.5,1,19900.0,13500.0,6400,0.32160804020100503,0,4422.222222222223
YMM260114-00000002,SMF14158451,[1+1이벤트]초고당도 타이벡 감귤,일반,2.5,1,29000.0,13500.0,15500,0.5344827586206896,1,11600.0
YMM260114-00000003,SMF13606317,제주산 구좌 흙당근 비세척,일반,5.0,1,20000.0,14000.0,6000,0.3,0,4000.0
YMM260114-00000004,SMF14158451,[1+1이벤트]초고당도 타이벡 감귤,일반,2.5,1,29000.0,13500.0,15500,0.5344827586206896,1,11600.0
YMM260114-00000005,SMF14158451,[1+1이벤트]초고당도 타이벡 감귤,일반,2.5,1,29000.0,13500.0,15500,0.5344827586206896,1,11600.0
YMM260114-00000006,SMF34633170,실속만점 가정용 하우스 한라봉&레드향,중과,2.5,1,32000.0,19750.0,12250,0.3828125,0,12800.0
YMM260114-00000007,SMF14158451,[1+1이벤트]초고당도 타이벡 감귤,일반,2.5,1,29000.0,13500.0,15500,0.5344827586206896,1,11600.0
YMM260114-00000008,SMF14158451,[1+1이벤트]초고당도 타이벡 감귤,일반,2.5,1,29000.0,13500.0,15500,0.5344827586206896,1,11600.0
YMM260114-00000009,SMF14158451,[1+1이벤트]초고당도 타이벡 감귤,일반,2.5,1,29000.0,13500.0,15500,0.5344827586206896,1,11600.0
YMM260114-00000011,SMF79565974,"해남 꿀고구마, 베니하루카 품종 포슬포슬",일반,3.0,1,15900.0,8900.0,7000,0.44025157232704404,0,5300.0
YMM260114-00000012,SMF79565974,"해남 꿀고구마, 베니하루카 품종 포슬포슬",일반,5.0,1,22500.0,13100.0,9400,0.4177777777777778,0,4500.0
YMM260114-00000013,SMF78619818,과즙폭발 겨울의 꽃 조생 감귤,로얄과,4.5,1,19900.0,13500.0,6400,0.32160804020100503,0,4422.222222222223
YMM260114-00000014,SMF14158451,[1+1이벤트]초고당도 타이벡 감귤,일반,2.5,1,29000.0,13500.0,15500,0.5344827586206896,1,11600.0
YMM260114-00000015,SMF14158451,[1+1이벤트]초고당도 타이벡 감귤,일반,2.5,1,29000.0,13500.0,15500,0.5344827586206896,1,11600.0
YMM260114-00000016,SMF78619818,과즙폭발 겨울의 꽃 조생 감귤,로얄과,4.5,1,19900.0,13500.0,6400,0.32160804020100503,0,4422.222222222223
YMM260114-00000017,SMF78619818,과즙폭발 겨울의 꽃 조생 감귤,로얄과,2.5,1,14900.0,10000.0,4900,0.3288590604026846,0,5960.0
YMM260114-00000018,SMF79565974,"해남 꿀고구마, 베니하루카 품종 포슬포슬",일반,2.0,1,11500.0,7000.0,4500,0.391304347826087,0,5750.0
YMM260114-00000020,SMF14158451,[1+1이벤트]초고당도 타이벡 감귤,일반,4.5,1,39000.0,22000.0,17000,0.4358974358974359,1,8666.666666666666
YMM260114-00000021,SMF34633170,실속만점 가정용 하우스 한라봉&레드향,중과,4.5,1,39000.0,24550.0,14450,0.37051282051282053,0,8666.666666666666
YMM260114-00000022,SMF14158451,[1+1이벤트]초고당도 타이벡 감귤,일반,2.5,1,29000.0,13500.0,15500,0.5344827586206896,1,11600.0
YMM260114-00000023,SMF14158451,[1+1이벤트]초고당도 타이벡 감귤,일반,2.5,1,29000.0,13500.0,15500,0.5344827586206896,1,11600.0
YMM260114-00000024,SMF14158451,[1+1이벤트]초고당도 타이벡 감귤,일반,2.5,1,29000.0,13500.0,15500,0.5344827586206896,1,11600.0
YMM260114-00000025,SMF78619818,과즙폭발 겨울의 꽃 조생 감귤,로얄과,4.5,2,19900.0,13500.0,12800,0.32160804020100503,0,8844.444444444445
YMM260114-00000026,SMF79565974,"해남 꿀고구마, 베니하루카 품종 포슬포슬",일반,3.0,1,15900.0,8900.0,7000,0.44025157232704404,0,5300.0
YMM260114-00000027,SMF14158451,[1+1이벤트]초고당도 타이벡 감귤,일반,4.5,1,39000.0,22000.0,17000,0.4358974358974359,1,8666.666666666666
YMM260114-00000028,SMF78619818,과즙폭발 겨울의 꽃 조생 감귤,로얄과,2.5,1,14900.0,10000.0,4900,0.3288590604026846,0,5960.0
YMM260114-00000029,SMF78619818,과즙폭발 겨울의 꽃 조생 감귤,로얄과,4.5,1,19900.0,13500.0,6400,0.32160804020100503,0,4422.222222222223
YMM260114-00000031,SMF34633170,실속만점 가정용 하우스 한라봉&레드향,대과,4.5,2,48750.0,30400.0,36700,0.3764102564102564,0,21666.666666666668
YMM260114-00000033,SMF14158451,[1+1이벤트]초고당도 타이벡 감귤,일반,2.5,1,29000.0,13500.0,15500,0.5344827586206896,1,11600.0
YMM260114-00000035,SMF14158451,[1+1이벤트]초고당도 타이벡 감귤,일반,2.5,1,29000.0,13500.0,15500,0.5344827586206896,1,11600.0
YMM260114-00000036,SMF79565974,"해남 꿀고구마, 베니하루카 품종 포슬포슬",일반,5.0,1,22500.0,13600.0,8900,0.39555555555555555,0,4500.0
YMM260114-00000037,SMF79565974,"해남 꿀고구마, 베니하루카 품종 포슬포슬",일반,2.0,1,15500.0,7000.0,8500,0.5483870967741935,0,7750.0
YMM260114-00000039,SMF78619818,과즙폭발 겨울의 꽃 조생 감귤,로얄과,4.5,1,19900.0,13500.0,6400,0.32160804020100503,0,4422.222222222223
YMM260114-00000040,SMF14158451,[1+1이벤트]초고당도 타이벡 감귤,일반,2.5,1,29000.0,13500.0,15500,0.5344827586206896,1,11600.0
YMM260114-00000041,SMF34633170,실속만점 가정용 하우스 한라봉&레드향,대과,4.5,1,55000.0,34000.0,21000,0.38181818181818183,0,12222.222222222223
YMM260114-00000042,SMF14158451,[1+1이벤트]초고당도 타이벡 감귤,일반,2.5,1,29000.0,13500.0,15500,0.5344827586206896,1,11600.0
YMM260114-00000043,SMF24484057,초고당도 타이벡감귤 2025년 첫 수확,일반,5.0,3,29000.0,13500.0,46500,0.5344827586206896,0,17400.0
YMM260114-00000044,SMF34633170,실속만점 가정용 하우스 한라봉&레드향,대과,2.5,1,33000.0,20500.0,12500,0.3787878787878788,0,13200.0
YMM260114-00000045,SMF79565974,"해남 꿀고구마, 베니하루카 품종 포슬포슬",일반,5.0,1,22500.0,13100.0,9400,0.4177777777777778,0,4500.0
YMM260114-00000046,SMF14158451,[1+1이벤트]초고당도 타이벡 감귤,일반,4.5,1,39000.0,22000.0,17000,0.4358974358974359,1,8666.666666666666
YMM260114-00000047,SMF78619818,과즙폭발 겨울의 꽃 조생 감귤,로얄과,4.5,3,19900.0,13500.0,19200,0.32160804020100503,0,13266.666666666666
YMM260114-00000048,SMF14158451,[1+1이벤트]초고당도 타이벡 감귤,일반,4.5,1,39000.0,22000.0,17000,0.4358974358974359,1,8666.666666666666
YMM260114-00000050,SMF14158451,[1+1이벤트]초고당도 타이벡 감귤,일반,4.5,1,39000.0,22000.0,17000,0.4358974358974359,1,8666.666666666666
YMM260114-00000051,SMF78619818,과즙폭발 겨울의 꽃 조생 감귤,로얄과,4.5,1,19900.0,13500.0,6400,0.32160804020100503,0,4422.222222222223
YMM260114-00000052,SMF14158451,[1+1이벤트]초고당도 타이벡 감귤,일반,2.5,2,29000.0,13500.0,31000,0.5344827586206896,1,23200.0
YMM260114-00000053,SMF14158451,[1+1이벤트]초고당도 타이벡 감귤,일반,4.5,1,39000.0,22000.0,17000,0.4358974358974359,1,8666.666666666666
YMM260114-00000054,SMF34633170,실속만점 가정용 하우스 한라봉&레드향,대과,2.5,1,33000.0,20500.0,12500,0.3787878787878788,0,13200.0
YMM260114-00000055,SMF79565974,"해남 꿀고구마, 베니하루카 품종 포슬포슬",일반,3.0,1,19900.0,9200.0,10700,0.5376884422110553,0,6633.333333333333
YMM260114-00000056,SMF78619818,과즙폭발 겨울의 꽃 조생 감귤,로얄과,2.5,1,14900.0,10000.0,4900,0.3288590604026846,0,5960.0
YMM260114-00000057,SMF14158451,[1+1이벤트]초고당도 타이벡 감귤,일반,4.5,1,39000.0,22000.0,17000,0.4358974358974359,1,8666.666666666666
YMM260114-00000058,SMF78619818,과즙폭발 겨울의 꽃 조생 감귤,로얄과,4.5,1,19900.0,13500.0,6400,0.32160804020100503,0,4422.222222222223
YMM260114-00000059,SMF78619818,과즙폭발 겨울의 꽃 조생 감귤,로얄과,4.5,1,19900.0,13500.0,6400,0.32160804020100503,0,4422.222222222223
YMM260114-00000060,SMF78619818,과즙폭발 겨울의 꽃 조생 감귤,로얄과,2.5,2,14900.0,10000.0,9800,0.3288590604026846,0,11920.0
YMM260114-00000061,SMF14158451,[1+1이벤트]초고당도 타이벡 감귤,일반,2.5,1,29000.0,13500.0,15500,0.5344827586206896,1,11600.0
YMM260115-00000001,SMF35431331,하우스 한라봉 깜짝 이벤트! 덤 500g 추가 증정!,중대과,2.0,1,29000.0,21000.0,8000,0.27586206896551724,0,14500.0
YMM260115-00000002,SMF35431331,하우스 한라봉 깜짝 이벤트! 덤 500g 추가 증정!,중대과,2.0,1,29000.0,21000.0,8000,0.27586206896551724,0,14500.0
YMM260115-00000003,SMF14158451,[1+1이벤트]초고당도 타이벡 감귤,일반,2.5,1,29000.0,13500.0,15500,0.5344827586206896,1,11600.0
YMM260115-00000004,SMF34633170,실속만점 가정용 하우스 한라봉&레드향,중과,2.5,1,25000.0,15250.0,9750,0.39,0,10000.0
YMM260115-00000005,SMF14158451,[1+1이벤트]초고당도 타이벡 감귤,일반,4.5,1,39000.0,22000.0,17000,0.4358974358974359,1,8666.666666666666
YMM260115-00000006,SMF13606317,제주산 구좌 흙당근 비세척,일반,3.0,1,15000.0,10500.0,4500,0.3,0,5000.0
YMM260115-00000007,SMF14158451,[1+1이벤트]초고당도 타이벡 감귤,일반,4.5,1,39000.0,22000.0,17000,0.4358974358974359,1,8666.666666666666
YMM260115-00000008,SMF35431331,하우스 한라봉 깜짝 이벤트! 덤 500g 추가 증정!,중대과,2.0,1,29000.0,21000.0,8000,0.27586206896551724,0,14500.0
YMM260115-00000009,SMF35431331,하우스 한라봉 깜짝 이벤트! 덤 500g 추가 증정!,중대과,2.0,1,29000.0,21000.0,8000,0.27586206896551724,0,14500.0
YMM260115-00000010,SMF35431331,하우스 한라봉 깜짝 이벤트! 덤 500g 추가 증정!,중대과,2.0,1,29000.0,21000.0,8000,0.27586206896551724,0,14500.0
YMM260115-00000012,SMF35431331,하우스 한라봉 깜짝 이벤트! 덤 500g 추가 증정!,중대과,2.0,1,29000.0,21000.0,8000,0.27586206896551724,0,14500.0
YMM260115-00000013,SMF35431331,하우스 한라봉 깜짝 이벤트! 덤 500g 추가 증정!,중대과,2.0,1,29000.0,21000.0,8000,0.27586206896551724,0,14500.0
YMM260115-00000014,SMF35431331,하우스 한라봉 깜짝 이벤트! 덤 500g 추가 증정!,중대과,2.0,1,29000.0,21000.0,8000,0.27586206896551724,0,14500.0
YMM260115-00000015,SMF35431331,하우스 한라봉 깜짝 이벤트! 덤 500g 추가 증정!,중대과,2.0,1,29000.0,21000.0,8000,0.27586206896551724,0,14500.0
YMM260115-00000017,SMF35431331,하우스 한라봉 깜짝 이벤트! 덤 500g 추가 증정!,중대과,2.0,1,29000.0,21000.0,8000,0.27586206896551724,0,14500.0
YMM260115-00000018,SMF35431331,하우스 한라봉 깜짝 이벤트! 덤 500g 추가 증정!,중대과,2.0,1,29000.0,21000.0,8000,0.27586206896551724,0,14500.0
YMM260115-00000019,SMF35431331,하우스 한라봉 깜짝 이벤트! 덤 500g 추가 증정!,중대과,2.0,1,29000.0,21000.0,8000,0.27586206896551724,0,14500.0
YMM260115-00000020,SMF35431331,하우스 한라봉 깜짝 이벤트! 덤 500g 추가 증정!,중대과,2.0,1,29000.0,21000.0,8000,0.27586206896551724,0,14500.0
YMM260115-00000021,SMF35431331,하우스 한라봉 깜짝 이벤트! 덤 500g 추가 증정!,중대과,2.0,1,29000.0,21000.0,8000,0.27586206896551724,0,14500.0
YMM260115-00000022,SMF35431331,하우스 한라봉 깜짝 이벤트! 덤 500g 추가 증정!,중대과,2.0,1,29000.0,21000.0,8000,0.27586206896551724,0,14500.0
YMM260115-00000023,SMF35431331,하우스 한라봉 깜짝 이벤트! 덤 500g 추가 증정!,중대과,2.0,1,29000.0,21000.0,8000,0.27586206896551724,0,14500.0
YMM260115-00000024,SMF35431331,하우스 한라봉 깜짝 이벤트! 덤 500g 추가 증정!,중대과,2.0,1,29000.0,21000.0,8000,0.27586206896551724,0,14500.0
YMM260115-00000025,SMF35431331,하우스 한라봉 깜짝 이벤트! 덤 500g 추가 증정!,중대과,2.0,1,29000.0,21000.0,8000,0.27586206896551724,0,14500.0
YMM260115-00000026,SMF14158451,[1+1이벤트]초고당도 타이벡 감귤,일반,4.5,1,39000.0,22000.0,17000,0.4358974358974359,1,8666.666666666666
YMM260115-00000027,SMF35431331,하우스 한라봉 깜짝 이벤트! 덤 500g 추가 증정!,중대과,2.0,1,29000.0,21000.0,8000,0.27586206896551724,0,14500.0
YMM260115-00000028,SMF34633170,실속만점 가정용 하우스 한라봉&레드향,대과,2.5,1,33000.0,20500.0,12500,0.3787878787878788,0,13200.0
YMM260115-00000029,SMF14158451,[1+1이벤트]초고당도 타이벡 감귤,일반,4.5,1,39000.0,22000.0,17000,0.4358974358974359,1,8666.666666666666
YMM260115-00000030,SMF14158451,[1+1이벤트]초고당도 타이벡 감귤,일반,2.5,1,29000.0,13500.0,15500,0.5344827586206896,1,11600.0
YMM260115-00000031,SMF14158451,[1+1이벤트]초고당도 타이벡 감귤,일반,2.5,1,29000.0,13500.0,15500,0.5344827586206896,1,11600.0
YMM260115-00000032,SMF79565974,"해남 꿀고구마, 베니하루카 품종 포슬포슬",일반,2.0,1,11500.0,7000.0,4500,0.391304347826087,0,5750.0
YMM260115-00000033,SMF79565974,"해남 꿀고구마, 베니하루카 품종 포슬포슬",일반,5.0,1,22500.0,13100.0,9400,0.4177777777777778,0,4500.0
YMM260115-00000034,SMF14158451,[1+1이벤트]초고당도 타이벡 감귤,일반,4.5,1,39000.0,22000.0,17000,0.4358974358974359,1,8666.666666666666
YMM260115-00000035,SMF56651816,제주 농장 산지직송 노지 한라봉 가정용 5kg 10kg,일반,5.0,1,29000.0,16050.0,12950,0.44655172413793104,0,5800.0
YMM260115-00000036,SMF35431331,하우스 한라봉 깜짝 이벤트! 덤 500g 추가 증정!,중대과,2.0,1,29000.0,21000.0,8000,0.27586206896551724,0,14500.0
YMM260115-00000037,SMF35431331,하우스 한라봉 깜짝 이벤트! 덤 500g 추가 증정!,중대과,2.0,1,29000.0,21000.0,8000,0.27586206896551724,0,14500.0
YMM260115-00000040,SMF35431331,하우스 한라봉 깜짝 이벤트! 덤 500g 추가 증정!,중대과,2.0,1,29000.0,21000.0,8000,0.27586206896551724,0,14500.0
YMM260115-00000041,SMF78619818,과즙폭발 겨울의 꽃 조생 감귤,로얄과,4.5,1,19900.0,13500.0,6400,0.32160804020100503,0,4422.222222222223
YMM260115-00000042,SMF35431331,하우스 한라봉 깜짝 이벤트! 덤 500g 추가 증정!,중대과,2.0,1,29000.0,21000.0,8000,0.27586206896551724,0,14500.0
YMM260115-00000043,SMF14158451,[1+1이벤트]초고당도 타이벡 감귤,일반,2.5,1,29000.0,13500.0,15500,0.5344827586206896,1,11600.0
YMM260115-00000044,SMF35431331,하우스 한라봉 깜짝 이벤트! 덤 500g 추가 증정!,중대과,2.0,1,29000.0,21000.0,8000,0.27586206896551724,0,14500.0
YMM260115-00000045,SMF14158451,[1+1이벤트]초고당도 타이벡 감귤,일반,4.5,1,39000.0,22000.0,17000,0.4358974358974359,1,8666.666666666666
YMM260115-00000052,SMF14158451,[1+1이벤트]초고당도 타이벡 감귤,일반,4.5,1,39000.0,22000.0,17000,0.4358974358974359,1,8666.666666666666
YMM260115-00000053,SMF14158451,[1+1이벤트]초고당도 타이벡 감귤,일반,4.5,1,39000.0,22000.0,17000,0.4358974358974359,1,8666.666666666666
YMM260115-00000054,SMF79565974,"해남 꿀고구마, 베니하루카 품종 포슬포슬",일반,5.0,1,22500.0,13100.0,9400,0.4177777777777778,0,4500.0
YMM260115-00000055,SMF14158451,[1+1이벤트]초고당도 타이벡 감귤,일반,4.5,1,39000.0,22000.0,17000,0.4358974358974359,1,8666.666666666666
YMM260115-00000057,SMF14158451,[1+1이벤트]초고당도 타이벡 감귤,일반,2.5,1,29000.0,13500.0,15500,0.5344827586206896,1,11600.0
YMM260115-00000058,SMF34633170,실속만점 가정용 하우스 한라봉&레드향,중과,2.5,1,32000.0,19750.0,12250,0.3828125,0,12800.0
YMM260115-00000059,SMF78619818,과즙폭발 겨울의 꽃 조생 감귤,로얄과,4.5,1,19900.0,13500.0,6400,0.32160804020100503,0,4422.222222222223
YMM260115-00000060,SMF78619818,과즙폭발 겨울의 꽃 조생 감귤,로얄과,4.5,1,19900.0,13500.0,6400,0.32160804020100503,0,4422.222222222223
YMM260115-00000061,SMF35431331,하우스 한라봉 깜짝 이벤트! 덤 500g 추가 증정!,중대과,2.0,1,29000.0,21000.0,8000,0.27586206896551724,0,14500.0
YMM260115-00000062,SMF78619818,과즙폭발 겨울의 꽃 조생 감귤,로얄과,4.5,1,19900.0,13500.0,6400,0.32160804020100503,0,4422.222222222223
YMM260115-00000063,SMF13606317,제주산 구좌 흙당근 비세척,일반,3.0,1,14000.0,9500.0,4500,0.32142857142857145,0,4666.666666666667
YMM260115-00000065,SMF78619818,과즙폭발 겨울의 꽃 조생 감귤,로얄과,2.5,1,14900.0,10000.0,4900,0.3288590604026846,0,5960.0
YMM260115-00000066,SMF14158451,[1+1이벤트]초고당도 타이벡 감귤,일반,2.5,1,29000.0,13500.0,15500,0.5344827586206896,1,11600.0
YMM260115-00000067,SMF35431331,하우스 한라봉 깜짝 이벤트! 덤 500g 추가 증정!,중대과,2.0,1,29000.0,21000.0,8000,0.27586206896551724,0,14500.0
YMM260116-00000001,SMF35431331,하우스 한라봉 깜짝 이벤트! 덤 500g 추가 증정!,중대과,2.0,1,29000.0,21000.0,8000,0.27586206896551724,0,14500.0
YMM260116-00000002,SMF79565974,"해남 꿀고구마, 베니하루카 품종 포슬포슬",일반,5.0,1,22500.0,13100.0,9400,0.4177777777777778,0,4500.0
YMM260116-00000003,SMF14158451,[1+1이벤트]초고당도 타이벡 감귤,일반,2.5,1,29000.0,13500.0,15500,0.5344827586206896,1,11600.0
YMM260116-00000004,SMF13606317,제주산 구좌 흙당근 비세척,일반,3.0,1,16500.0,12000.0,4500,0.2727272727272727,0,5500.0
YMM260116-00000005,SMF78619818,과즙폭발 겨울의 꽃 조생 감귤,로얄과,2.5,2,14900.0,10000.0,9800,0.3288590604026846,0,11920.0
YMM260116-00000006,SMF14158451,[1+1이벤트]초고당도 타이벡 감귤,일반,4.5,1,39000.0,22000.0,17000,0.4358974358974359,1,8666.666666666666
YMM260116-00000007,SMF14158451,[1+1이벤트]초고당도 타이벡 감귤,일반,2.5,1,29000.0,13500.0,15500,0.5344827586206896,1,11600.0
YMM260116-00000008,SMF14158451,[1+1이벤트]초고당도 타이벡 감귤,일반,2.5,1,29000.0,13500.0,15500,0.5344827586206896,1,11600.0
YMM260116-00000009,SMF78619818,과즙폭발 겨울의 꽃 조생 감귤,로얄과,2.5,1,14900.0,10000.0,4900,0.3288590604026846,0,5960.0
YMM260116-00000010,SMF78619818,과즙폭발 겨울의 꽃 조생 감귤,로얄과,2.5,1,14900.0,10000.0,4900,0.3288590604026846,0,5960.0
YMM260116-00000011,SMF14158451,[1+1이벤트]초고당도 타이벡 감귤,일반,2.5,1,29000.0,13500.0,15500,0.5344827586206896,1,11600.0
YMM260116-00000012,SMF34633170,실속만점 가정용 하우스 한라봉&레드향,중과,4.5,1,51000.0,32650.0,18350,0.35980392156862745,0,11333.333333333334
YMM260116-00000013,SMF14158451,[1+1이벤트]초고당도 타이벡 감귤,일반,4.5,1,39000.0,22000.0,17000,0.4358974358974359,1,8666.666666666666
YMM260116-00000014,SMF35431331,하우스 한라봉 깜짝 이벤트! 덤 500g 추가 증정!,중대과,2.0,1,29000.0,21000.0,8000,0.27586206896551724,0,14500.0
YMM260116-00000015,SMF35431331,하우스 한라봉 깜짝 이벤트! 덤 500g 추가 증정!,중대과,2.0,1,29000.0,21000.0,8000,0.27586206896551724,0,14500.0
YMM260116-00000016,SMF14158451,[1+1이벤트]초고당도 타이벡 감귤,일반,4.5,1,39000.0,22000.0,17000,0.4358974358974359,1,8666.666666666666
YMM260116-00000017,SMF78619818,과즙폭발 겨울의 꽃 조생 감귤,로얄과,4.5,1,19900.0,13500.0,6400,0.32160804020100503,0,4422.222222222223
YMM260116-00000018,SMF14158451,[1+1이벤트]초고당도 타이벡 감귤,일반,4.5,1,39000.0,22000.0,17000,0.4358974358974359,1,8666.666666666666
YMM260116-00000019,SMF14158451,[1+1이벤트]초고당도 타이벡 감귤,일반,2.5,1,29000.0,13500.0,15500,0.5344827586206896,1,11600.0
YMM260116-00000020,SMF43939661,겨울 한정 초고당도 타이벡 감귤,일반,9.0,1,39000.0,22000.0,17000,0.4358974358974359,0,4333.333333333333
YMM260116-00000021,SMF34633170,실속만점 가정용 하우스 한라봉&레드향,대과,4.5,1,55000.0,34000.0,21000,0.38181818181818183,0,12222.222222222223
YMM260116-00000023,SMF14158451,[1+1이벤트]초고당도 타이벡 감귤,일반,4.5,5,39000.0,22000.0,85000,0.4358974358974359,1,43333.333333333336
YMM260116-00000024,SMF79565974,"해남 꿀고구마, 베니하루카 품종 포슬포슬",일반,3.0,1,15900.0,8900.0,7000,0.44025157232704404,0,5300.0
YMM260116-00000025,SMF35431331,하우스 한라봉 깜짝 이벤트! 덤 500g 추가 증정!,중대과,2.0,1,29000.0,21000.0,8000,0.27586206896551724,0,14500.0
YMM260116-00000026,SMF14158451,[1+1이벤트]초고당도 타이벡 감귤,일반,2.5,1,29000.0,13500.0,15500,0.5344827586206896,1,11600.0
YMM260116-00000027,SMF35431331,하우스 한라봉 깜짝 이벤트! 덤 500g 추가 증정!,중대과,2.0,1,29000.0,21000.0,8000,0.27586206896551724,0,14500.0
YMM260116-00000028,SMF20680079,제주 특품 한라봉 대과 선물세트 5kg,대과,5.0,9,34000.0,34000.0,0,0.0,0,61200.0
YMM260116-00000031,SMF35431331,하우스 한라봉 깜짝 이벤트! 덤 500g 추가 증정!,중대과,2.0,1,29000.0,21000.0,8000,0.27586206896551724,0,14500.0
YMM260116-00000032,SMF35431331,하우스 한라봉 깜짝 이벤트! 덤 500g 추가 증정!,중대과,2.0,1,19000.0,13050.0,5950,0.3131578947368421,0,9500.0
YMM260116-00000033,SMF35431331,하우스 한라봉 깜짝 이벤트! 덤 500g 추가 증정!,중대과,2.0,1,29000.0,21000.0,8000,0.27586206896551724,0,14500.0
YMM260116-00000034,SMF35431331,하우스 한라봉 깜짝 이벤트! 덤 500g 추가 증정!,중대과,2.0,1,29000.0,21000.0,8000,0.27586206896551724,0,14500.0
YMM260116-00000036,SMF35431331,하우스 한라봉 깜짝 이벤트! 덤 500g 추가 증정!,중대과,2.0,1,29000.0,21000.0,8000,0.27586206896551724,0,14500.0
YMM260116-00000037,SMF14158451,[1+1이벤트]초고당도 타이벡 감귤,일반,4.5,1,39000.0,22000.0,17000,0.4358974358974359,1,8666.666666666666
YMM260116-00000038,SMF35431331,하우스 한라봉 깜짝 이벤트! 덤 500g 추가 증정!,중대과,2.0,1,29000.0,21000.0,8000,0.27586206896551724,0,14500.0
YMM260116-00000039,SMF35431331,하우스 한라봉 깜짝 이벤트! 덤 500g 추가 증정!,중대과,2.0,3,29000.0,21000.0,24000,0.27586206896551724,0,43500.0
YMM260116-00000040,SMF35431331,하우스 한라봉 깜짝 이벤트! 덤 500g 추가 증정!,중대과,2.0,1,29000.0,21000.0,8000,0.27586206896551724,0,14500.0
YMM260116-00000041,SMF20680079,제주 특품 한라봉 대과 선물세트 5kg,대과,5.0,1,34000.0,34000.0,0,0.0,0,6800.0
YMM260116-00000042,SMF35431331,하우스 한라봉 깜짝 이벤트! 덤 500g 추가 증정!,중대과,2.0,1,29000.0,21000.0,8000,0.27586206896551724,0,14500.0
YMM260116-00000043,SMF14158451,[1+1이벤트]초고당도 타이벡 감귤,일반,4.5,1,39000.0,22000.0,17000,0.4358974358974359,1,8666.666666666666
YMM260116-00000044,SMF78619818,과즙폭발 겨울의 꽃 조생 감귤,로얄과,4.5,1,19900.0,13500.0,6400,0.32160804020100503,0,4422.222222222223
YMM260116-00000045,SMF20680079,제주 특품 한라봉 대과 선물세트 5kg,대과,5.0,1,34000.0,34000.0,0,0.0,0,6800.0
YMM260116-00000046,SMF20680079,제주 특품 한라봉 대과 선물세트 5kg,대과,5.0,1,34000.0,34000.0,0,0.0,0,6800.0
YMM260116-00000047,SMF20680079,제주 특품 한라봉 대과 선물세트 5kg,대과,5.0,1,34000.0,34000.0,0,0.0,0,6800.0
YMM260116-00000048,SMF20680079,제주 특품 한라봉 대과 선물세트 5kg,대과,5.0,1,34000.0,34000.0,0,0.0,0,6800.0
YMM260116-00000049,SMF14158451,[1+1이벤트]초고당도 타이벡 감귤,일반,2.5,1,29000.0,13500.0,15500,0.5344827586206896,1,11600.0
YMM260116-00000050,SMF34633170,실속만점 가정용 하우스 한라봉&레드향,중과,4.5,1,39000.0,24550.0,14450,0.37051282051282053,0,8666.666666666666
YMM260116-00000051,SMF35431331,하우스 한라봉 깜짝 이벤트! 덤 500g 추가 증정!,중대과,2.0,1,29000.0,21000.0,8000,0.27586206896551724,0,14500.0
YMM260116-00000052,SMF35431331,하우스 한라봉 깜짝 이벤트! 덤 500g 추가 증정!,중대과,2.0,1,29000.0,21000.0,8000,0.27586206896551724,0,14500.0
YMM260116-00000053,SMF14158451,[1+1이벤트]초고당도 타이벡 감귤,일반,4.5,1,39000.0,22000.0,17000,0.4358974358974359,1,8666.666666666666
YMM260116-00000054,SMF13606317,제주산 구좌 흙당근 비세척,일반,10.0,1,29500.0,21000.0,8500,0.288135593220339,0,2950.0
YMM260116-00000055,SMF14158451,[1+1이벤트]초고당도 타이벡 감귤,일반,4.5,1,39000.0,22000.0,17000,0.4358974358974359,1,8666.666666666666
YMM260117-00000001,SMF14158451,[1+1이벤트]초고당도 타이벡 감귤,일반,2.5,2,29000.0,13500.0,31000,0.5344827586206896,1,23200.0
YMM260117-00000002,SMF14158451,[1+1이벤트]초고당도 타이벡 감귤,일반,4.5,1,39000.0,22000.0,17000,0.4358974358974359,1,8666.666666666666
YMM251219-00000053,SMF28555734,[킹댕즈 보장!]초고당도 타이벡 감귤 2025년 첫수확,일반,9.0,2,39000.0,29000.0,20000,0.2564102564102564,0,8666.666666666666
YMM251219-00000054,SMF28555734,[킹댕즈 보장!]초고당도 타이벡 감귤 2025년 첫수확,일반,4.5,1,29000.0,19000.0,10000,0.3448275862068966,0,6444.444444444444
YMM251219-00000055,SMF28555734,[킹댕즈 보장!]초고당도 타이벡 감귤 2025년 첫수확,일반,4.5,1,29000.0,19000.0,10000,0.3448275862068966,0,6444.444444444444
YMM251219-00000056,SMF28555734,[킹댕즈 보장!]초고당도 타이벡 감귤 2025년 첫수확,일반,9.0,1,39000.0,29000.0,10000,0.2564102564102564,0,4333.333333333333
YMM251219-00000057,SMF78619818,과즙폭발 겨울의 꽃 조생 감귤,로얄과,2.5,1,14900.0,10000.0,4900,0.3288590604026846,0,5960.0
YMM251219-00000058,SMF28555734,[킹댕즈 보장!]초고당도 타이벡 감귤 2025년 첫수확,일반,9.0,1,39000.0,29000.0,10000,0.2564102564102564,0,4333.333333333333
YMM251219-00000059,SMF28555734,[킹댕즈 보장!]초고당도 타이벡 감귤 2025년 첫수확,일반,9.0,1,39000.0,29000.0,10000,0.2564102564102564,0,4333.333333333333
YMM251219-00000060,SMF78619818,과즙폭발 겨울의 꽃 조생 감귤,로얄과,4.5,1,19900.0,13200.0,6700,0.33668341708542715,0,4422.222222222223
YMM251219-00000061,SMF28555734,[킹댕즈 보장!]초고당도 타이벡 감귤 2025년 첫수확,일반,9.0,1,39000.0,29000.0,10000,0.2564102564102564,0,4333.333333333333
YMM251219-00000062,SMF28555734,[킹댕즈 보장!]초고당도 타이벡 감귤 2025년 첫수확,일반,9.0,1,39000.0,29000.0,10000,0.2564102564102564,0,4333.333333333333
YMM251219-00000066,SMF13606317,제주산 구좌 흙당근 비세척,일반,3.0,1,14000.0,9500.0,4500,0.32142857142857145,0,4666.666666666667
YMM251219-00000067,SMF14158451,초고당도 타이벡 감귤 2025년 첫수확,일반,4.5,1,39000.0,29000.0,10000,0.2564102564102564,0,8666.666666666666
YMM251219-00000070,SMF14158451,초고당도 타이벡 감귤 2025년 첫수확,일반,4.5,1,39000.0,29000.0,10000,0.2564102564102564,0,8666.666666666666
YMM251219-00000071,SMF14158451,초고당도 타이벡 감귤 2025년 첫수확,일반,4.5,1,39000.0,29000.0,10000,0.2564102564102564,0,8666.666666666666
YMM251219-00000073,SMF28555734,[킹댕즈 보장!]초고당도 타이벡 감귤 2025년 첫수확,일반,9.0,1,39000.0,29000.0,10000,0.2564102564102564,0,4333.333333333333
YMM251219-00000075,SMF14158451,초고당도 타이벡 감귤 2025년 첫수확,일반,4.5,1,39000.0,29000.0,10000,0.2564102564102564,0,8666.666666666666
YMM251219-00000076,SMF78619818,과즙폭발 겨울의 꽃 조생 감귤,로얄과,4.5,1,19900.0,13200.0,6700,0.33668341708542715,0,4422.222222222223
YMM251219-00000077,SMF28555734,[킹댕즈 보장!]초고당도 타이벡 감귤 2025년 첫수확,일반,9.0,1,39000.0,29000.0,10000,0.2564102564102564,0,4333.333333333333
YMM251219-00000078,SMF28555734,[킹댕즈 보장!]초고당도 타이벡 감귤 2025년 첫수확,일반,4.5,1,29000.0,19000.0,10000,0.3448275862068966,0,6444.444444444444
YMM251219-00000079,SMF78619818,과즙폭발 겨울의 꽃 조생 감귤,로얄과,4.5,1,19900.0,13200.0,6700,0.33668341708542715,0,4422.222222222223
YMM251219-00000080,SMF13606317,제주산 구좌 흙당근 비세척,일반,5.0,1,19500.0,13500.0,6000,0.3076923076923077,0,3900.0
YMM251219-00000081,SMF28555734,[킹댕즈 보장!]초고당도 타이벡 감귤 2025년 첫수확,일반,4.5,1,29000.0,19000.0,10000,0.3448275862068966,0,6444.444444444444
YMM251219-00000082,SMF28555734,[킹댕즈 보장!]초고당도 타이벡 감귤 2025년 첫수확,일반,9.0,1,39000.0,29000.0,10000,0.2564102564102564,0,4333.333333333333
YMM251219-00000083,SMF34633170,실속만점 가정용 하우스 한라봉&레드향,소과,4.5,1,35000.0,22300.0,12700,0.3628571428571429,0,7777.777777777777
YMM251219-00000084,SMF28555734,[킹댕즈 보장!]초고당도 타이벡 감귤 2025년 첫수확,일반,9.0,1,39000.0,29000.0,10000,0.2564102564102564,0,4333.333333333333
YMM251219-00000085,SMF28555734,[킹댕즈 보장!]초고당도 타이벡 감귤 2025년 첫수확,일반,4.5,1,29000.0,19000.0,10000,0.3448275862068966,0,6444.444444444444
YMM251219-00000089,SMF28555734,[킹댕즈 보장!]초고당도 타이벡 감귤 2025년 첫수확,일반,4.5,1,29000.0,19000.0,10000,0.3448275862068966,0,6444.444444444444
YMM251219-00000090,SMF78619818,과즙폭발 겨울의 꽃 조생 감귤,로얄과,2.5,1,14900.0,10000.0,4900,0.3288590604026846,0,5960.0
YMM251219-00000091,SMF28555734,[킹댕즈 보장!]초고당도 타이벡 감귤 2025년 첫수확,일반,9.0,1,39000.0,29000.0,10000,0.2564102564102564,0,4333.333333333333
YMM251220-00000001,SMF28555734,[킹댕즈 보장!]초고당도 타이벡 감귤 2025년 첫수확,일반,9.0,1,39000.0,29000.0,10000,0.2564102564102564,0,4333.333333333333
YMM251220-00000002,SMF28555734,[킹댕즈 보장!]초고당도 타이벡 감귤 2025년 첫수확,일반,9.0,1,39000.0,29000.0,10000,0.2564102564102564,0,4333.333333333333
YMM251220-00000003,SMF78619818,과즙폭발 겨울의 꽃 조생 감귤,로얄과,2.5,2,14900.0,10000.0,9800,0.3288590604026846,0,11920.0
YMM251220-00000004,SMF14158451,초고당도 타이벡 감귤 2025년 첫수확,일반,2.5,1,29000.0,19000.0,10000,0.3448275862068966,0,11600.0
YMM251220-00000006,SMF13606317,제주산 구좌 흙당근 비세척,일반,5.0,1,18000.0,12000.0,6000,0.3333333333333333,0,3600.0
YMM251220-00000007,SMF28555734,[킹댕즈 보장!]초고당도 타이벡 감귤 2025년 첫수확,일반,9.0,1,39000.0,29000.0,10000,0.2564102564102564,0,4333.333333333333
YMM251220-00000008,SMF78619818,과즙폭발 겨울의 꽃 조생 감귤,로얄과,4.5,1,19900.0,13200.0,6700,0.33668341708542715,0,4422.222222222223
YMM251220-00000010,SMF37504939,논산 설향딸기 달콤함 가득 겨울과일,일반,0.7,1,26900.0,17900.0,9000,0.3345724907063197,0,38428.57142857143
YMM251220-00000011,SMF28555734,[킹댕즈 보장!]초고당도 타이벡 감귤 2025년 첫수확,일반,9.0,1,39000.0,29000.0,10000,0.2564102564102564,0,4333.333333333333
YMM251220-00000012,SMF28555734,[킹댕즈 보장!]초고당도 타이벡 감귤 2025년 첫수확,일반,4.5,1,29000.0,19000.0,10000,0.3448275862068966,0,6444.444444444444
YMM251220-00000013,SMF14158451,초고당도 타이벡 감귤 2025년 첫수확,일반,4.5,1,39000.0,29000.0,10000,0.2564102564102564,0,8666.666666666666
YMM251220-00000014,SMF34633170,실속만점 가정용 하우스 한라봉&레드향,대과,2.5,1,33000.0,20500.0,12500,0.3787878787878788,0,13200.0
YMM251220-00000015,SMF78619818,과즙폭발 겨울의 꽃 조생 감귤,로얄과,4.5,10,19900.0,13200.0,67000,0.33668341708542715,0,44222.22222222222
YMM251220-00000016,SMF34633170,실속만점 가정용 하우스 한라봉&레드향,중과,4.5,2,39000.0,24550.0,28900,0.37051282051282053,0,17333.333333333332
YMM251220-00000017,SMF28555734,[킹댕즈 보장!]초고당도 타이벡 감귤 2025년 첫수확,일반,9.0,1,39000.0,29000.0,10000,0.2564102564102564,0,4333.333333333333
YMM251220-00000018,SMF78619818,과즙폭발 겨울의 꽃 조생 감귤,로얄과,4.5,1,19900.0,13200.0,6700,0.33668341708542715,0,4422.222222222223
YMM251220-00000020,SMF78619818,과즙폭발 겨울의 꽃 조생 감귤,로얄과,4.5,1,19900.0,13200.0,6700,0.33668341708542715,0,4422.222222222223
YMM251220-00000021,SMF78619818,과즙폭발 겨울의 꽃 조생 감귤,로얄과,4.5,1,19900.0,13200.0,6700,0.33668341708542715,0,4422.222222222223
YMM251220-00000022,SMF28555734,[킹댕즈 보장!]초고당도 타이벡 감귤 2025년 첫수확,일반,9.0,1,39000.0,29000.0,10000,0.2564102564102564,0,4333.333333333333
YMM251220-00000023,SMF78619818,과즙폭발 겨울의 꽃 조생 감귤,로얄과,4.5,1,19900.0,13200.0,6700,0.33668341708542715,0,4422.222222222223
YMM251220-00000025,SMF78619818,과즙폭발 겨울의 꽃 조생 감귤,로얄과,4.5,1,19900.0,13200.0,6700,0.33668341708542715,0,4422.222222222223
YMM251220-00000026,SMF78619818,과즙폭발 겨울의 꽃 조생 감귤,로얄과,4.5,1,19900.0,13200.0,6700,0.33668341708542715,0,4422.222222222223
YMM251220-00000027,SMF28555734,[킹댕즈 보장!]초고당도 타이벡 감귤 2025년 첫수확,일반,4.5,1,29000.0,19000.0,10000,0.3448275862068966,0,6444.444444444444
YMM251220-00000028,SMF14158451,초고당도 타이벡 감귤 2025년 첫수확,일반,4.5,1,39000.0,29000.0,10000,0.2564102564102564,0,8666.666666666666
YMM251220-00000029,SMF78619818,과즙폭발 겨울의 꽃 조생 감귤,로얄과,4.5,1,19900.0,13200.0,6700,0.33668341708542715,0,4422.222222222223
YMM251220-00000031,SMF14158451,초고당도 타이벡 감귤 2025년 첫수확,일반,2.5,1,29000.0,19000.0,10000,0.3448275862068966,0,11600.0
YMM251220-00000032,SMF34633170,실속만점 가정용 하우스 한라봉&레드향,중과,2.5,1,32000.0,19750.0,12250,0.3828125,0,12800.0
YMM251220-00000034,SMF28555734,[킹댕즈 보장!]초고당도 타이벡 감귤 2025년 첫수확,일반,4.5,1,29000.0,19000.0,10000,0.3448275862068966,0,6444.444444444444
YMM251220-00000035,SMF14158451,초고당도 타이벡 감귤 2025년 첫수확,일반,2.5,1,29000.0,19000.0,10000,0.3448275862068966,0,11600.0
YMM251220-00000036,SMF78619818,과즙폭발 겨울의 꽃 조생 감귤,로얄과,4.5,1,19900.0,13200.0,6700,0.33668341708542715,0,4422.222222222223
YMM251220-00000037,SMF28555734,[킹댕즈 보장!]초고당도 타이벡 감귤 2025년 첫수확,일반,9.0,1,39000.0,29000.0,10000,0.2564102564102564,0,4333.333333333333
YMM251220-00000038,SMF28555734,[킹댕즈 보장!]초고당도 타이벡 감귤 2025년 첫수확,일반,9.0,1,39000.0,29000.0,10000,0.2564102564102564,0,4333.333333333333
YMM251220-00000039,SMF28555734,[킹댕즈 보장!]초고당도 타이벡 감귤 2025년 첫수확,일반,4.5,1,29000.0,19000.0,10000,0.3448275862068966,0,6444.444444444444
YMM251220-00000040,SMF28555734,[킹댕즈 보장!]초고당도 타이벡 감귤 2025년 첫수확,일반,4.5,1,29000.0,19000.0,10000,0.3448275862068966,0,6444.444444444444
YMM251220-00000041,SMF78619818,과즙폭발 겨울의 꽃 조생 감귤,로얄과,4.5,1,19900.0,13200.0,6700,0.33668341708542715,0,4422.222222222223
YMM251220-00000043,SMF37504939,논산 설향딸기 달콤함 가득 겨울과일,일반,0.7,1,26900.0,17900.0,9000,0.3345724907063197,0,38428.57142857143
YMM251220-00000044,SMF28555734,[킹댕즈 보장!]초고당도 타이벡 감귤 2025년 첫수확,일반,9.0,1,39000.0,29000.0,10000,0.2564102564102564,0,4333.333333333333
YMM251220-00000045,SMF28555734,[킹댕즈 보장!]초고당도 타이벡 감귤 2025년 첫수확,일반,4.5,1,29000.0,19000.0,10000,0.3448275862068966,0,6444.444444444444
YMM251220-00000046,SMF28555734,[킹댕즈 보장!]초고당도 타이벡 감귤 2025년 첫수확,일반,9.0,1,39000.0,29000.0,10000,0.2564102564102564,0,4333.333333333333
YMM251220-00000047,SMF28555734,[킹댕즈 보장!]초고당도 타이벡 감귤 2025년 첫수확,일반,4.5,1,29000.0,19000.0,10000,0.3448275862068966,0,6444.444444444444
YMM251221-00000001,SMF28555734,[킹댕즈 보장!]초고당도 타이벡 감귤 2025년 첫수확,일반,4.5,1,29000.0,19000.0,10000,0.3448275862068966,0,6444.444444444444
YMM251221-00000002,SMF28555734,[킹댕즈 보장!]초고당도 타이벡 감귤 2025년 첫수확,일반,4.5,1,29000.0,19000.0,10000,0.3448275862068966,0,6444.444444444444
YMM251221-00000003,SMF78619818,과즙폭발 겨울의 꽃 조생 감귤,로얄과,4.5,2,19900.0,13200.0,13400,0.33668341708542715,0,8844.444444444445
YMM251221-00000006,SMF37504939,논산 설향딸기 달콤함 가득 겨울과일,일반,0.7,1,26900.0,17900.0,9000,0.3345724907063197,0,38428.57142857143
YMM251221-00000007,SMF28555734,[킹댕즈 보장!]초고당도 타이벡 감귤 2025년 첫수확,일반,9.0,1,39000.0,29000.0,10000,0.2564102564102564,0,4333.333333333333
YMM251221-00000008,SMF78619818,과즙폭발 겨울의 꽃 조생 감귤,로얄과,4.5,1,19900.0,13200.0,6700,0.33668341708542715,0,4422.222222222223
YMM251221-00000010,SMF13606317,제주산 구좌 흙당근 비세척,일반,3.0,1,14000.0,9500.0,4500,0.32142857142857145,0,4666.666666666667
YMM251221-00000011,SMF78619818,과즙폭발 겨울의 꽃 조생 감귤,로얄과,2.5,1,14900.0,10000.0,4900,0.3288590604026846,0,5960.0
YMM251221-00000013,SMF78619818,과즙폭발 겨울의 꽃 조생 감귤,로얄과,4.5,1,19900.0,13200.0,6700,0.33668341708542715,0,4422.222222222223
YMM251221-00000014,SMF34633170,실속만점 가정용 하우스 한라봉&레드향,대과,4.5,1,55000.0,34000.0,21000,0.38181818181818183,0,12222.222222222223
YMM251221-00000015,SMF28555734,[킹댕즈 보장!]초고당도 타이벡 감귤 2025년 첫수확,일반,9.0,1,39000.0,29000.0,10000,0.2564102564102564,0,4333.333333333333
YMM251221-00000017,SMF28555734,[킹댕즈 보장!]초고당도 타이벡 감귤 2025년 첫수확,일반,4.5,1,29000.0,19000.0,10000,0.3448275862068966,0,6444.444444444444
YMM251221-00000018,SMF28555734,[킹댕즈 보장!]초고당도 타이벡 감귤 2025년 첫수확,일반,4.5,1,29000.0,19000.0,10000,0.3448275862068966,0,6444.444444444444
YMM251221-00000021,SMF28555734,[킹댕즈 보장!]초고당도 타이벡 감귤 2025년 첫수확,일반,4.5,1,29000.0,19000.0,10000,0.3448275862068966,0,6444.444444444444
YMM251221-00000022,SMF28555734,[킹댕즈 보장!]초고당도 타이벡 감귤 2025년 첫수확,일반,4.5,1,29000.0,19000.0,10000,0.3448275862068966,0,6444.444444444444
YMM251221-00000023,SMF28555734,[킹댕즈 보장!]초고당도 타이벡 감귤 2025년 첫수확,일반,9.0,1,39000.0,29000.0,10000,0.2564102564102564,0,4333.333333333333
YMM251221-00000024,SMF34633170,실속만점 가정용 하우스 한라봉&레드향,중과,2.5,1,32000.0,19750.0,12250,0.3828125,0,12800.0
YMM251221-00000025,SMF28555734,[킹댕즈 보장!]초고당도 타이벡 감귤 2025년 첫수확,일반,4.5,1,29000.0,19000.0,10000,0.3448275862068966,0,6444.444444444444
YMM251221-00000026,SMF28555734,[킹댕즈 보장!]초고당도 타이벡 감귤 2025년 첫수확,일반,9.0,1,39000.0,29000.0,10000,0.2564102564102564,0,4333.333333333333
YMM251221-00000027,SMF28555734,[킹댕즈 보장!]초고당도 타이벡 감귤 2025년 첫수확,일반,4.5,1,29000.0,19000.0,10000,0.3448275862068966,0,6444.444444444444
YMM251221-00000028,SMF28555734,[킹댕즈 보장!]초고당도 타이벡 감귤 2025년 첫수확,일반,9.0,1,39000.0,29000.0,10000,0.2564102564102564,0,4333.333333333333
YMM251221-00000029,SMF28555734,[킹댕즈 보장!]초고당도 타이벡 감귤 2025년 첫수확,일반,9.0,1,39000.0,29000.0,10000,0.2564102564102564,0,4333.333333333333
YMM251221-00000030,SMF28555734,[킹댕즈 보장!]초고당도 타이벡 감귤 2025년 첫수확,일반,4.5,1,29000.0,19000.0,10000,0.3448275862068966,0,6444.444444444444
YMM251221-00000031,SMF28555734,[킹댕즈 보장!]초고당도 타이벡 감귤 2025년 첫수확,일반,9.0,1,39000.0,29000.0,10000,0.2564102564102564,0,4333.333333333333
YMM251221-00000032,SMF28555734,[킹댕즈 보장!]초고당도 타이벡 감귤 2025년 첫수확,일반,4.5,1,29000.0,19000.0,10000,0.3448275862068966,0,6444.444444444444
YMM251221-00000033,SMF28555734,[킹댕즈 보장!]초고당도 타이벡 감귤 2025년 첫수확,일반,9.0,1,39000.0,29000.0,10000,0.2564102564102564,0,4333.333333333333
YMM251221-00000034,SMF28555734,[킹댕즈 보장!]초고당도 타이벡 감귤 2025년 첫수확,일반,9.0,1,39000.0,29000.0,10000,0.2564102564102564,0,4333.333333333333
YMM251221-00000035,SMF28555734,[킹댕즈 보장!]초고당도 타이벡 감귤 2025년 첫수확,일반,4.5,1,29000.0,19000.0,10000,0.3448275862068966,0,6444.444444444444
YMM251221-00000036,SMF28555734,[킹댕즈 보장!]초고당도 타이벡 감귤 2025년 첫수확,일반,9.0,1,39000.0,29000.0,10000,0.2564102564102564,0,4333.333333333333
YMM251221-00000037,SMF28555734,[킹댕즈 보장!]초고당도 타이벡 감귤 2025년 첫수확,일반,4.5,1,29000.0,19000.0,10000,0.3448275862068966,0,6444.444444444444
YMM251221-00000038,SMF28555734,[킹댕즈 보장!]초고당도 타이벡 감귤 2025년 첫수확,일반,4.5,1,29000.0,19000.0,10000,0.3448275862068966,0,6444.444444444444
YMM251221-00000039,SMF28555734,[킹댕즈 보장!]초고당도 타이벡 감귤 2025년 첫수확,일반,4.5,1,29000.0,19000.0,10000,0.3448275862068966,0,6444.444444444444
YMM251221-00000040,SMF28555734,[킹댕즈 보장!]초고당도 타이벡 감귤 2025년 첫수확,일반,9.0,1,39000.0,29000.0,10000,0.2564102564102564,0,4333.333333333333
YMM251221-00000041,SMF28555734,[킹댕즈 보장!]초고당도 타이벡 감귤 2025년 첫수확,일반,9.0,1,39000.0,29000.0,10000,0.2564102564102564,0,4333.333333333333
YMM251221-00000042,SMF28555734,[킹댕즈 보장!]초고당도 타이벡 감귤 2025년 첫수확,일반,4.5,1,29000.0,19000.0,10000,0.3448275862068966,0,6444.444444444444
YMM251221-00000043,SMF28555734,[킹댕즈 보장!]초고당도 타이벡 감귤 2025년 첫수확,일반,4.5,1,29000.0,19000.0,10000,0.3448275862068966,0,6444.444444444444
YMM251221-00000044,SMF28555734,[킹댕즈 보장!]초고당도 타이벡 감귤 2025년 첫수확,일반,4.5,1,29000.0,19000.0,10000,0.3448275862068966,0,6444.444444444444
YMM251221-00000045,SMF28555734,[킹댕즈 보장!]초고당도 타이벡 감귤 2025년 첫수확,일반,4.5,1,29000.0,19000.0,10000,0.3448275862068966,0,6444.444444444444
YMM251221-00000046,SMF28555734,[킹댕즈 보장!]초고당도 타이벡 감귤 2025년 첫수확,일반,4.5,1,29000.0,19000.0,10000,0.3448275862068966,0,6444.444444444444
YMM251221-00000048,SMF28555734,[킹댕즈 보장!]초고당도 타이벡 감귤 2025년 첫수확,일반,4.5,1,29000.0,19000.0,10000,0.3448275862068966,0,6444.444444444444
YMM251221-00000049,SMF28555734,[킹댕즈 보장!]초고당도 타이벡 감귤 2025년 첫수확,일반,9.0,1,39000.0,29000.0,10000,0.2564102564102564,0,4333.333333333333
YMM251221-00000050,SMF28555734,[킹댕즈 보장!]초고당도 타이벡 감귤 2025년 첫수확,일반,9.0,1,39000.0,29000.0,10000,0.2564102564102564,0,4333.333333333333
YMM251221-00000051,SMF28555734,[킹댕즈 보장!]초고당도 타이벡 감귤 2025년 첫수확,일반,9.0,1,39000.0,29000.0,10000,0.2564102564102564,0,4333.333333333333
YMM251221-00000052,SMF28555734,[킹댕즈 보장!]초고당도 타이벡 감귤 2025년 첫수확,일반,9.0,1,39000.0,29000.0,10000,0.2564102564102564,0,4333.333333333333
YMM251221-00000054,SMF28555734,[킹댕즈 보장!]초고당도 타이벡 감귤 2025년 첫수확,일반,4.5,1,29000.0,19000.0,10000,0.3448275862068966,0,6444.444444444444
YMM251221-00000056,SMF28555734,[킹댕즈 보장!]초고당도 타이벡 감귤 2025년 첫수확,일반,4.5,1,29000.0,19000.0,10000,0.3448275862068966,0,6444.444444444444
YMM251221-00000057,SMF28555734,[킹댕즈 보장!]초고당도 타이벡 감귤 2025년 첫수확,일반,4.5,1,29000.0,19000.0,10000,0.3448275862068966,0,6444.444444444444
YMM251221-00000058,SMF28555734,[킹댕즈 보장!]초고당도 타이벡 감귤 2025년 첫수확,일반,4.5,1,29000.0,19000.0,10000,0.3448275862068966,0,6444.444444444444
YMM251221-00000059,SMF28555734,[킹댕즈 보장!]초고당도 타이벡 감귤 2025년 첫수확,일반,4.5,1,29000.0,19000.0,10000,0.3448275862068966,0,6444.444444444444
YMM251221-00000060,SMF28555734,[킹댕즈 보장!]초고당도 타이벡 감귤 2025년 첫수확,일반,9.0,1,39000.0,29000.0,10000,0.2564102564102564,0,4333.333333333333
YMM251221-00000061,SMF28555734,[킹댕즈 보장!]초고당도 타이벡 감귤 2025년 첫수확,일반,4.5,1,29000.0,19000.0,10000,0.3448275862068966,0,6444.444444444444
YMM251221-00000062,SMF28555734,[킹댕즈 보장!]초고당도 타이벡 감귤 2025년 첫수확,일반,9.0,1,39000.0,29000.0,10000,0.2564102564102564,0,4333.333333333333
YMM251221-00000063,SMF28555734,[킹댕즈 보장!]초고당도 타이벡 감귤 2025년 첫수확,일반,9.0,1,39000.0,29000.0,10000,0.2564102564102564,0,4333.333333333333
YMM251221-00000064,SMF28555734,[킹댕즈 보장!]초고당도 타이벡 감귤 2025년 첫수확,일반,4.5,1,29000.0,19000.0,10000,0.3448275862068966,0,6444.444444444444
YMM251221-00000066,SMF28555734,[킹댕즈 보장!]초고당도 타이벡 감귤 2025년 첫수확,일반,4.5,1,29000.0,19000.0,10000,0.3448275862068966,0,6444.444444444444
YMM251221-00000067,SMF28555734,[킹댕즈 보장!]초고당도 타이벡 감귤 2025년 첫수확,일반,9.0,1,39000.0,29000.0,10000,0.2564102564102564,0,4333.333333333333
YMM251221-00000069,SMF28555734,[킹댕즈 보장!]초고당도 타이벡 감귤 2025년 첫수확,일반,4.5,1,29000.0,19000.0,10000,0.3448275862068966,0,6444.444444444444
YMM251221-00000070,SMF28555734,[킹댕즈 보장!]초고당도 타이벡 감귤 2025년 첫수확,일반,4.5,1,29000.0,19000.0,10000,0.3448275862068966,0,6444.444444444444
YMM251221-00000071,SMF28555734,[킹댕즈 보장!]초고당도 타이벡 감귤 2025년 첫수확,일반,4.5,1,29000.0,19000.0,10000,0.3448275862068966,0,6444.444444444444
YMM251221-00000072,SMF28555734,[킹댕즈 보장!]초고당도 타이벡 감귤 2025년 첫수확,일반,9.0,1,39000.0,29000.0,10000,0.2564102564102564,0,4333.333333333333
YMM251221-00000073,SMF28555734,[킹댕즈 보장!]초고당도 타이벡 감귤 2025년 첫수확,일반,9.0,1,39000.0,29000.0,10000,0.2564102564102564,0,4333.333333333333
YMM251221-00000074,SMF28555734,[킹댕즈 보장!]초고당도 타이벡 감귤 2025년 첫수확,일반,9.0,1,39000.0,29000.0,10000,0.2564102564102564,0,4333.333333333333
YMM251221-00000075,SMF28555734,[킹댕즈 보장!]초고당도 타이벡 감귤 2025년 첫수확,일반,4.5,1,29000.0,19000.0,10000,0.3448275862068966,0,6444.444444444444
YMM251221-00000077,SMF28555734,[킹댕즈 보장!]초고당도 타이벡 감귤 2025년 첫수확,일반,9.0,1,39000.0,29000.0,10000,0.2564102564102564,0,4333.333333333333
YMM251221-00000078,SMF28555734,[킹댕즈 보장!]초고당도 타이벡 감귤 2025년 첫수확,일반,9.0,1,39000.0,29000.0,10000,0.2564102564102564,0,4333.333333333333
YMM251221-00000080,SMF28555734,[킹댕즈 보장!]초고당도 타이벡 감귤 2025년 첫수확,일반,4.5,1,29000.0,19000.0,10000,0.3448275862068966,0,6444.444444444444
YMM251221-00000082,SMF28555734,[킹댕즈 보장!]초고당도 타이벡 감귤 2025년 첫수확,일반,9.0,1,39000.0,29000.0,10000,0.2564102564102564,0,4333.333333333333
YMM251221-00000083,SMF28555734,[킹댕즈 보장!]초고당도 타이벡 감귤 2025년 첫수확,일반,4.5,1,29000.0,19000.0,10000,0.3448275862068966,0,6444.444444444444
YMM251221-00000084,SMF28555734,[킹댕즈 보장!]초고당도 타이벡 감귤 2025년 첫수확,일반,4.5,1,29000.0,19000.0,10000,0.3448275862068966,0,6444.444444444444
YMM251221-00000086,SMF28555734,[킹댕즈 보장!]초고당도 타이벡 감귤 2025년 첫수확,일반,4.5,1,29000.0,19000.0,10000,0.3448275862068966,0,6444.444444444444
YMM251221-00000087,SMF28555734,[킹댕즈 보장!]초고당도 타이벡 감귤 2025년 첫수확,일반,9.0,1,39000.0,29000.0,10000,0.2564102564102564,0,4333.333333333333
YMM251221-00000088,SMF28555734,[킹댕즈 보장!]초고당도 타이벡 감귤 2025년 첫수확,일반,9.0,1,39000.0,29000.0,10000,0.2564102564102564,0,4333.333333333333
YMM251221-00000091,SMF28555734,[킹댕즈 보장!]초고당도 타이벡 감귤 2025년 첫수확,일반,9.0,1,39000.0,29000.0,10000,0.2564102564102564,0,4333.333333333333
YMM251221-00000092,SMF28555734,[킹댕즈 보장!]초고당도 타이벡 감귤 2025년 첫수확,일반,9.0,1,39000.0,29000.0,10000,0.2564102564102564,0,4333.333333333333
YMM251221-00000093,SMF28555734,[킹댕즈 보장!]초고당도 타이벡 감귤 2025년 첫수확,일반,4.5,1,29000.0,19000.0,10000,0.3448275862068966,0,6444.444444444444
YMM251221-00000094,SMF28555734,[킹댕즈 보장!]초고당도 타이벡 감귤 2025년 첫수확,일반,4.5,1,29000.0,19000.0,10000,0.3448275862068966,0,6444.444444444444
YMM251221-00000095,SMF28555734,[킹댕즈 보장!]초고당도 타이벡 감귤 2025년 첫수확,일반,9.0,1,39000.0,29000.0,10000,0.2564102564102564,0,4333.333333333333
YMM251221-00000097,SMF28555734,[킹댕즈 보장!]초고당도 타이벡 감귤 2025년 첫수확,일반,9.0,1,39000.0,29000.0,10000,0.2564102564102564,0,4333.333333333333
YMM251221-00000098,SMF28555734,[킹댕즈 보장!]초고당도 타이벡 감귤 2025년 첫수확,일반,9.0,1,39000.0,29000.0,10000,0.2564102564102564,0,4333.333333333333
YMM251221-00000099,SMF28555734,[킹댕즈 보장!]초고당도 타이벡 감귤 2025년 첫수확,일반,9.0,1,39000.0,29000.0,10000,0.2564102564102564,0,4333.333333333333
YMM251221-00000100,SMF28555734,[킹댕즈 보장!]초고당도 타이벡 감귤 2025년 첫수확,일반,4.5,1,29000.0,19000.0,10000,0.3448275862068966,0,6444.444444444444
YMM251221-00000101,SMF28555734,[킹댕즈 보장!]초고당도 타이벡 감귤 2025년 첫수확,일반,9.0,1,39000.0,29000.0,10000,0.2564102564102564,0,4333.333333333333
YMM251221-00000102,SMF28555734,[킹댕즈 보장!]초고당도 타이벡 감귤 2025년 첫수확,일반,9.0,1,39000.0,29000.0,10000,0.2564102564102564,0,4333.333333333333
YMM251221-00000103,SMF28555734,[킹댕즈 보장!]초고당도 타이벡 감귤 2025년 첫수확,일반,4.5,1,29000.0,19000.0,10000,0.3448275862068966,0,6444.444444444444
YMM251221-00000104,SMF28555734,[킹댕즈 보장!]초고당도 타이벡 감귤 2025년 첫수확,일반,4.5,1,29000.0,19000.0,10000,0.3448275862068966,0,6444.444444444444
YMM251221-00000105,SMF28555734,[킹댕즈 보장!]초고당도 타이벡 감귤 2025년 첫수확,일반,4.5,1,29000.0,19000.0,10000,0.3448275862068966,0,6444.444444444444
YMM251221-00000106,SMF28555734,[킹댕즈 보장!]초고당도 타이벡 감귤 2025년 첫수확,일반,4.5,1,29000.0,19000.0,10000,0.3448275862068966,0,6444.444444444444
YMM251221-00000107,SMF28555734,[킹댕즈 보장!]초고당도 타이벡 감귤 2025년 첫수확,일반,4.5,1,29000.0,19000.0,10000,0.3448275862068966,0,6444.444444444444
YMM251221-00000109,SMF28555734,[킹댕즈 보장!]초고당도 타이벡 감귤 2025년 첫수확,일반,4.5,1,29000.0,19000.0,10000,0.3448275862068966,0,6444.444444444444
YMM251221-00000110,SMF28555734,[킹댕즈 보장!]초고당도 타이벡 감귤 2025년 첫수확,일반,4.5,1,29000.0,19000.0,10000,0.3448275862068966,0,6444.444444444444
YMM251221-00000111,SMF28555734,[킹댕즈 보장!]초고당도 타이벡 감귤 2025년 첫수확,일반,4.5,1,29000.0,19000.0,10000,0.3448275862068966,0,6444.444444444444
YMM251221-00000112,SMF28555734,[킹댕즈 보장!]초고당도 타이벡 감귤 2025년 첫수확,일반,4.5,1,29000.0,19000.0,10000,0.3448275862068966,0,6444.444444444444
YMM251221-00000113,SMF28555734,[킹댕즈 보장!]초고당도 타이벡 감귤 2025년 첫수확,일반,9.0,1,39000.0,29000.0,10000,0.2564102564102564,0,4333.333333333333
YMM251221-00000114,SMF28555734,[킹댕즈 보장!]초고당도 타이벡 감귤 2025년 첫수확,일반,9.0,1,39000.0,29000.0,10000,0.2564102564102564,0,4333.333333333333
YMM251221-00000115,SMF28555734,[킹댕즈 보장!]초고당도 타이벡 감귤 2025년 첫수확,일반,4.5,1,29000.0,19000.0,10000,0.3448275862068966,0,6444.444444444444
YMM251221-00000117,SMF28555734,[킹댕즈 보장!]초고당도 타이벡 감귤 2025년 첫수확,일반,4.5,1,29000.0,19000.0,10000,0.3448275862068966,0,6444.444444444444
YMM251221-00000119,SMF28555734,[킹댕즈 보장!]초고당도 타이벡 감귤 2025년 첫수확,일반,4.5,1,29000.0,19000.0,10000,0.3448275862068966,0,6444.444444444444
YMM251221-00000121,SMF28555734,[킹댕즈 보장!]초고당도 타이벡 감귤 2025년 첫수확,일반,4.5,1,29000.0,19000.0,10000,0.3448275862068966,0,6444.444444444444
YMM251221-00000122,SMF28555734,[킹댕즈 보장!]초고당도 타이벡 감귤 2025년 첫수확,일반,9.0,1,39000.0,29000.0,10000,0.2564102564102564,0,4333.333333333333
YMM251221-00000123,SMF28555734,[킹댕즈 보장!]초고당도 타이벡 감귤 2025년 첫수확,일반,4.5,1,29000.0,19000.0,10000,0.3448275862068966,0,6444.444444444444
YMM251221-00000124,SMF28555734,[킹댕즈 보장!]초고당도 타이벡 감귤 2025년 첫수확,일반,4.5,1,29000.0,19000.0,10000,0.3448275862068966,0,6444.444444444444
YMM251221-00000125,SMF28555734,[킹댕즈 보장!]초고당도 타이벡 감귤 2025년 첫수확,일반,4.5,1,29000.0,19000.0,10000,0.3448275862068966,0,6444.444444444444
YMM251221-00000126,SMF28555734,[킹댕즈 보장!]초고당도 타이벡 감귤 2025년 첫수확,일반,9.0,1,39000.0,29000.0,10000,0.2564102564102564,0,4333.333333333333
YMM251221-00000127,SMF28555734,[킹댕즈 보장!]초고당도 타이벡 감귤 2025년 첫수확,일반,9.0,1,39000.0,29000.0,10000,0.2564102564102564,0,4333.333333333333
YMM251221-00000128,SMF28555734,[킹댕즈 보장!]초고당도 타이벡 감귤 2025년 첫수확,일반,9.0,1,39000.0,29000.0,10000,0.2564102564102564,0,4333.333333333333
YMM251221-00000129,SMF34633170,실속만점 가정용 하우스 한라봉&레드향,중과,2.5,1,25000.0,15250.0,9750,0.39,0,10000.0
YMM251221-00000130,SMF28555734,[킹댕즈 보장!]초고당도 타이벡 감귤 2025년 첫수확,일반,9.0,1,39000.0,29000.0,10000,0.2564102564102564,0,4333.333333333333
YMM251221-00000131,SMF28555734,[킹댕즈 보장!]초고당도 타이벡 감귤 2025년 첫수확,일반,4.5,1,29000.0,19000.0,10000,0.3448275862068966,0,6444.444444444444
YMM251221-00000132,SMF34633170,실속만점 가정용 하우스 한라봉&레드향,중과,2.5,1,25000.0,15250.0,9750,0.39,0,10000.0
YMM251221-00000133,SMF28555734,[킹댕즈 보장!]초고당도 타이벡 감귤 2025년 첫수확,일반,9.0,1,39000.0,29000.0,10000,0.2564102564102564,0,4333.333333333333
YMM251221-00000135,SMF28555734,[킹댕즈 보장!]초고당도 타이벡 감귤 2025년 첫수확,일반,4.5,1,29000.0,19000.0,10000,0.3448275862068966,0,6444.444444444444
YMM251221-00000136,SMF28555734,[킹댕즈 보장!]초고당도 타이벡 감귤 2025년 첫수확,일반,4.5,1,29000.0,19000.0,10000,0.3448275862068966,0,6444.444444444444
YMM251221-00000137,SMF28555734,[킹댕즈 보장!]초고당도 타이벡 감귤 2025년 첫수확,일반,9.0,1,39000.0,29000.0,10000,0.2564102564102564,0,4333.333333333333
YMM251221-00000138,SMF28555734,[킹댕즈 보장!]초고당도 타이벡 감귤 2025년 첫수확,일반,9.0,1,39000.0,29000.0,10000,0.2564102564102564,0,4333.333333333333
YMM251221-00000139,SMF28555734,[킹댕즈 보장!]초고당도 타이벡 감귤 2025년 첫수확,일반,9.0,1,39000.0,29000.0,10000,0.2564102564102564,0,4333.333333333333
YMM251221-00000140,SMF28555734,[킹댕즈 보장!]초고당도 타이벡 감귤 2025년 첫수확,일반,4.5,1,29000.0,19000.0,10000,0.3448275862068966,0,6444.444444444444
YMM251221-00000141,SMF28555734,[킹댕즈 보장!]초고당도 타이벡 감귤 2025년 첫수확,일반,9.0,1,39000.0,29000.0,10000,0.2564102564102564,0,4333.333333333333
YMM251221-00000142,SMF28555734,[킹댕즈 보장!]초고당도 타이벡 감귤 2025년 첫수확,일반,4.5,1,29000.0,19000.0,10000,0.3448275862068966,0,6444.444444444444
YMM251221-00000143,SMF28555734,[킹댕즈 보장!]초고당도 타이벡 감귤 2025년 첫수확,일반,9.0,1,39000.0,29000.0,10000,0.2564102564102564,0,4333.333333333333
YMM251221-00000144,SMF28555734,[킹댕즈 보장!]초고당도 타이벡 감귤 2025년 첫수확,일반,4.5,1,29000.0,19000.0,10000,0.3448275862068966,0,6444.444444444444
YMM251221-00000145,SMF28555734,[킹댕즈 보장!]초고당도 타이벡 감귤 2025년 첫수확,일반,4.5,1,29000.0,19000.0,10000,0.3448275862068966,0,6444.444444444444
YMM251221-00000146,SMF28555734,[킹댕즈 보장!]초고당도 타이벡 감귤 2025년 첫수확,일반,4.5,1,29000.0,19000.0,10000,0.3448275862068966,0,6444.444444444444
YMM251221-00000147,SMF28555734,[킹댕즈 보장!]초고당도 타이벡 감귤 2025년 첫수확,일반,4.5,1,29000.0,19000.0,10000,0.3448275862068966,0,6444.444444444444
YMM251221-00000148,SMF28555734,[킹댕즈 보장!]초고당도 타이벡 감귤 2025년 첫수확,일반,4.5,1,29000.0,19000.0,10000,0.3448275862068966,0,6444.444444444444
YMM251221-00000149,SMF28555734,[킹댕즈 보장!]초고당도 타이벡 감귤 2025년 첫수확,일반,9.0,1,39000.0,29000.0,10000,0.2564102564102564,0,4333.333333333333
YMM251221-00000150,SMF28555734,[킹댕즈 보장!]초고당도 타이벡 감귤 2025년 첫수확,일반,9.0,1,39000.0,29000.0,10000,0.2564102564102564,0,4333.333333333333
YMM251221-00000153,SMF28555734,[킹댕즈 보장!]초고당도 타이벡 감귤 2025년 첫수확,일반,9.0,1,39000.0,29000.0,10000,0.2564102564102564,0,4333.333333333333
YMM251221-00000154,SMF28555734,[킹댕즈 보장!]초고당도 타이벡 감귤 2025년 첫수확,일반,4.5,1,29000.0,19000.0,10000,0.3448275862068966,0,6444.444444444444
YMM251221-00000155,SMF28555734,[킹댕즈 보장!]초고당도 타이벡 감귤 2025년 첫수확,일반,4.5,1,29000.0,19000.0,10000,0.3448275862068966,0,6444.444444444444
YMM251221-00000156,SMF28555734,[킹댕즈 보장!]초고당도 타이벡 감귤 2025년 첫수확,일반,4.5,1,29000.0,19000.0,10000,0.3448275862068966,0,6444.444444444444
YMM251221-00000157,SMF28555734,[킹댕즈 보장!]초고당도 타이벡 감귤 2025년 첫수확,일반,9.0,1,39000.0,29000.0,10000,0.2564102564102564,0,4333.333333333333
YMM251221-00000158,SMF28555734,[킹댕즈 보장!]초고당도 타이벡 감귤 2025년 첫수확,일반,9.0,1,39000.0,29000.0,10000,0.2564102564102564,0,4333.333333333333
YMM251221-00000160,SMF28555734,[킹댕즈 보장!]초고당도 타이벡 감귤 2025년 첫수확,일반,4.5,1,29000.0,19000.0,10000,0.3448275862068966,0,6444.444444444444
YMM251221-00000161,SMF28555734,[킹댕즈 보장!]초고당도 타이벡 감귤 2025년 첫수확,일반,9.0,1,39000.0,29000.0,10000,0.2564102564102564,0,4333.333333333333
YMM251221-00000162,SMF28555734,[킹댕즈 보장!]초고당도 타이벡 감귤 2025년 첫수확,일반,4.5,1,29000.0,19000.0,10000,0.3448275862068966,0,6444.444444444444
YMM251221-00000163,SMF28555734,[킹댕즈 보장!]초고당도 타이벡 감귤 2025년 첫수확,일반,4.5,1,29000.0,19000.0,10000,0.3448275862068966,0,6444.444444444444
YMM251221-00000165,SMF13606317,제주산 구좌 흙당근 비세척,일반,5.0,1,20000.0,14000.0,6000,0.3,0,4000.0
YMM251221-00000166,SMF28555734,[킹댕즈 보장!]초고당도 타이벡 감귤 2025년 첫수확,일반,4.5,1,29000.0,19000.0,10000,0.3448275862068966,0,6444.444444444444
YMM251221-00000172,SMF28555734,[킹댕즈 보장!]초고당도 타이벡 감귤 2025년 첫수확,일반,4.5,1,29000.0,19000.0,10000,0.3448275862068966,0,6444.444444444444
YMM251221-00000174,SMF28555734,[킹댕즈 보장!]초고당도 타이벡 감귤 2025년 첫수확,일반,9.0,1,39000.0,29000.0,10000,0.2564102564102564,0,4333.333333333333
YMM251221-00000176,SMF78619818,과즙폭발 겨울의 꽃 조생 감귤,로얄과,4.5,1,19900.0,13200.0,6700,0.33668341708542715,0,4422.222222222223
YMM251221-00000177,SMF28555734,[킹댕즈 보장!]초고당도 타이벡 감귤 2025년 첫수확,일반,9.0,1,39000.0,29000.0,10000,0.2564102564102564,0,4333.333333333333
YMM251221-00000179,SMF28555734,[킹댕즈 보장!]초고당도 타이벡 감귤 2025년 첫수확,일반,9.0,1,39000.0,29000.0,10000,0.2564102564102564,0,4333.333333333333
YMM251221-00000180,SMF28555734,[킹댕즈 보장!]초고당도 타이벡 감귤 2025년 첫수확,일반,9.0,1,39000.0,29000.0,10000,0.2564102564102564,0,4333.333333333333
YMM251221-00000181,SMF78619818,과즙폭발 겨울의 꽃 조생 감귤,로얄과,4.5,1,19900.0,13200.0,6700,0.33668341708542715,0,4422.222222222223
YMM251221-00000183,SMF28555734,[킹댕즈 보장!]초고당도 타이벡 감귤 2025년 첫수확,일반,9.0,1,39000.0,29000.0,10000,0.2564102564102564,0,4333.333333333333
YMM251221-00000184,SMF28555734,[킹댕즈 보장!]초고당도 타이벡 감귤 2025년 첫수확,일반,9.0,1,39000.0,29000.0,10000,0.2564102564102564,0,4333.333333333333
YMM251221-00000185,SMF28555734,[킹댕즈 보장!]초고당도 타이벡 감귤 2025년 첫수확,일반,9.0,1,39000.0,29000.0,10000,0.2564102564102564,0,4333.333333333333
YMM251221-00000186,SMF28555734,[킹댕즈 보장!]초고당도 타이벡 감귤 2025년 첫수확,일반,9.0,1,39000.0,29000.0,10000,0.2564102564102564,0,4333.333333333333
YMM251221-00000187,SMF28555734,[킹댕즈 보장!]초고당도 타이벡 감귤 2025년 첫수확,일반,4.5,1,29000.0,19000.0,10000,0.3448275862068966,0,6444.444444444444
YMM251221-00000188,SMF28555734,[킹댕즈 보장!]초고당도 타이벡 감귤 2025년 첫수확,일반,9.0,1,39000.0,29000.0,10000,0.2564102564102564,0,4333.333333333333
YMM251221-00000189,SMF28555734,[킹댕즈 보장!]초고당도 타이벡 감귤 2025년 첫수확,일반,9.0,1,39000.0,29000.0,10000,0.2564102564102564,0,4333.333333333333
YMM251221-00000190,SMF28555734,[킹댕즈 보장!]초고당도 타이벡 감귤 2025년 첫수확,일반,9.0,1,39000.0,29000.0,10000,0.2564102564102564,0,4333.333333333333
YMM251221-00000191,SMF14158451,초고당도 타이벡 감귤 2025년 첫수확,일반,4.5,1,39000.0,29000.0,10000,0.2564102564102564,0,8666.666666666666
YMM251221-00000192,SMF14158451,초고당도 타이벡 감귤 2025년 첫수확,일반,2.5,2,29000.0,19000.0,20000,0.3448275862068966,0,23200.0
YMM251221-00000193,SMF28555734,[킹댕즈 보장!]초고당도 타이벡 감귤 2025년 첫수확,일반,9.0,1,39000.0,29000.0,10000,0.2564102564102564,0,4333.333333333333
YMM251221-00000194,SMF28555734,[킹댕즈 보장!]초고당도 타이벡 감귤 2025년 첫수확,일반,9.0,1,39000.0,29000.0,10000,0.2564102564102564,0,4333.333333333333
YMM251221-00000195,SMF28555734,[킹댕즈 보장!]초고당도 타이벡 감귤 2025년 첫수확,일반,9.0,1,39000.0,29000.0,10000,0.2564102564102564,0,4333.333333333333
YMM251221-00000196,SMF28555734,[킹댕즈 보장!]초고당도 타이벡 감귤 2025년 첫수확,일반,4.5,1,29000.0,19000.0,10000,0.3448275862068966,0,6444.444444444444
YMM251221-00000197,SMF34633170,실속만점 가정용 하우스 한라봉&레드향,중과,2.5,1,25000.0,15250.0,9750,0.39,0,10000.0
YMM251221-00000200,SMF28555734,[킹댕즈 보장!]초고당도 타이벡 감귤 2025년 첫수확,일반,9.0,1,39000.0,29000.0,10000,0.2564102564102564,0,4333.333333333333
YMM251221-00000201,SMF28555734,[킹댕즈 보장!]초고당도 타이벡 감귤 2025년 첫수확,일반,9.0,2,39000.0,29000.0,20000,0.2564102564102564,0,8666.666666666666
YMM251221-00000202,SMF28555734,[킹댕즈 보장!]초고당도 타이벡 감귤 2025년 첫수확,일반,4.5,1,29000.0,19000.0,10000,0.3448275862068966,0,6444.444444444444
YMM251221-00000203,SMF28555734,[킹댕즈 보장!]초고당도 타이벡 감귤 2025년 첫수확,일반,9.0,1,39000.0,29000.0,10000,0.2564102564102564,0,4333.333333333333
YMM251221-00000204,SMF28555734,[킹댕즈 보장!]초고당도 타이벡 감귤 2025년 첫수확,일반,4.5,1,29000.0,19000.0,10000,0.3448275862068966,0,6444.444444444444
YMM251221-00000205,SMF28555734,[킹댕즈 보장!]초고당도 타이벡 감귤 2025년 첫수확,일반,4.5,1,29000.0,19000.0,10000,0.3448275862068966,0,6444.444444444444
YMM251221-00000206,SMF28555734,[킹댕즈 보장!]초고당도 타이벡 감귤 2025년 첫수확,일반,9.0,1,39000.0,29000.0,10000,0.2564102564102564,0,4333.333333333333
YMM251221-00000207,SMF28555734,[킹댕즈 보장!]초고당도 타이벡 감귤 2025년 첫수확,일반,4.5,1,29000.0,19000.0,10000,0.3448275862068966,0,6444.444444444444
YMM251221-00000209,SMF28555734,[킹댕즈 보장!]초고당도 타이벡 감귤 2025년 첫수확,일반,4.5,1,29000.0,19000.0,10000,0.3448275862068966,0,6444.444444444444
YMM251221-00000210,SMF28555734,[킹댕즈 보장!]초고당도 타이벡 감귤 2025년 첫수확,일반,4.5,1,29000.0,19000.0,10000,0.3448275862068966,0,6444.444444444444
YMM251221-00000212,SMF28555734,[킹댕즈 보장!]초고당도 타이벡 감귤 2025년 첫수확,일반,9.0,1,39000.0,29000.0,10000,0.2564102564102564,0,4333.333333333333
YMM251221-00000213,SMF28555734,[킹댕즈 보장!]초고당도 타이벡 감귤 2025년 첫수확,일반,9.0,1,39000.0,29000.0,10000,0.2564102564102564,0,4333.333333333333
YMM251221-00000214,SMF28555734,[킹댕즈 보장!]초고당도 타이벡 감귤 2025년 첫수확,일반,4.5,1,29000.0,19000.0,10000,0.3448275862068966,0,6444.444444444444
YMM251221-00000215,SMF28555734,[킹댕즈 보장!]초고당도 타이벡 감귤 2025년 첫수확,일반,9.0,1,39000.0,29000.0,10000,0.2564102564102564,0,4333.333333333333
YMM251221-00000216,SMF14158451,초고당도 타이벡 감귤 2025년 첫수확,일반,2.5,1,29000.0,19000.0,10000,0.3448275862068966,0,11600.0
YMM251221-00000217,SMF28555734,[킹댕즈 보장!]초고당도 타이벡 감귤 2025년 첫수확,일반,9.0,1,39000.0,29000.0,10000,0.2564102564102564,0,4333.333333333333
YMM251221-00000218,SMF28555734,[킹댕즈 보장!]초고당도 타이벡 감귤 2025년 첫수확,일반,4.5,1,29000.0,19000.0,10000,0.3448275862068966,0,6444.444444444444
YMM251221-00000219,SMF28555734,[킹댕즈 보장!]초고당도 타이벡 감귤 2025년 첫수확,일반,4.5,1,29000.0,19000.0,10000,0.3448275862068966,0,6444.444444444444
YMM251221-00000220,SMF28555734,[킹댕즈 보장!]초고당도 타이벡 감귤 2025년 첫수확,일반,4.5,1,29000.0,19000.0,10000,0.3448275862068966,0,6444.444444444444
YMM251221-00000222,SMF28555734,[킹댕즈 보장!]초고당도 타이벡 감귤 2025년 첫수확,일반,4.5,1,29000.0,19000.0,10000,0.3448275862068966,0,6444.444444444444
YMM251221-00000223,SMF28555734,[킹댕즈 보장!]초고당도 타이벡 감귤 2025년 첫수확,일반,9.0,1,39000.0,29000.0,10000,0.2564102564102564,0,4333.333333333333
YMM251221-00000224,SMF28555734,[킹댕즈 보장!]초고당도 타이벡 감귤 2025년 첫수확,일반,4.5,1,29000.0,19000.0,10000,0.3448275862068966,0,6444.444444444444
YMM251221-00000225,SMF28555734,[킹댕즈 보장!]초고당도 타이벡 감귤 2025년 첫수확,일반,9.0,1,39000.0,29000.0,10000,0.2564102564102564,0,4333.333333333333
YMM251221-00000226,SMF28555734,[킹댕즈 보장!]초고당도 타이벡 감귤 2025년 첫수확,일반,9.0,1,39000.0,29000.0,10000,0.2564102564102564,0,4333.333333333333
YMM251221-00000227,SMF28555734,[킹댕즈 보장!]초고당도 타이벡 감귤 2025년 첫수확,일반,9.0,1,39000.0,29000.0,10000,0.2564102564102564,0,4333.333333333333
YMM251221-00000229,SMF28555734,[킹댕즈 보장!]초고당도 타이벡 감귤 2025년 첫수확,일반,4.5,1,29000.0,19000.0,10000,0.3448275862068966,0,6444.444444444444
YMM251221-00000230,SMF28555734,[킹댕즈 보장!]초고당도 타이벡 감귤 2025년 첫수확,일반,9.0,1,39000.0,29000.0,10000,0.2564102564102564,0,4333.333333333333
YMM251221-00000231,SMF28555734,[킹댕즈 보장!]초고당도 타이벡 감귤 2025년 첫수확,일반,9.0,1,39000.0,29000.0,10000,0.2564102564102564,0,4333.333333333333
YMM251221-00000232,SMF28555734,[킹댕즈 보장!]초고당도 타이벡 감귤 2025년 첫수확,일반,4.5,1,29000.0,19000.0,10000,0.3448275862068966,0,6444.444444444444
YMM251221-00000233,SMF28555734,[킹댕즈 보장!]초고당도 타이벡 감귤 2025년 첫수확,일반,4.5,1,29000.0,19000.0,10000,0.3448275862068966,0,6444.444444444444
YMM251221-00000234,SMF24484057,초고당도 타이벡감귤 2025년 첫 수확,일반,9.0,1,39000.0,29000.0,10000,0.2564102564102564,0,4333.333333333333
YMM251221-00000236,SMF28555734,[킹댕즈 보장!]초고당도 타이벡 감귤 2025년 첫수확,일반,4.5,1,29000.0,19000.0,10000,0.3448275862068966,0,6444.444444444444
YMM251221-00000237,SMF34633170,실속만점 가정용 하우스 한라봉&레드향,중과,2.5,2,32000.0,19750.0,24500,0.3828125,0,25600.0
YMM251221-00000238,SMF28555734,[킹댕즈 보장!]초고당도 타이벡 감귤 2025년 첫수확,일반,9.0,1,39000.0,29000.0,10000,0.2564102564102564,0,4333.333333333333
YMM251221-00000239,SMF28555734,[킹댕즈 보장!]초고당도 타이벡 감귤 2025년 첫수확,일반,4.5,1,29000.0,19000.0,10000,0.3448275862068966,0,6444.444444444444
YMM251221-00000240,SMF28555734,[킹댕즈 보장!]초고당도 타이벡 감귤 2025년 첫수확,일반,9.0,1,39000.0,29000.0,10000,0.2564102564102564,0,4333.333333333333
YMM251221-00000241,SMF28555734,[킹댕즈 보장!]초고당도 타이벡 감귤 2025년 첫수확,일반,4.5,1,29000.0,19000.0,10000,0.3448275862068966,0,6444.444444444444
YMM251221-00000242,SMF28555734,[킹댕즈 보장!]초고당도 타이벡 감귤 2025년 첫수확,일반,4.5,1,29000.0,19000.0,10000,0.3448275862068966,0,6444.444444444444
YMM251221-00000244,SMF28555734,[킹댕즈 보장!]초고당도 타이벡 감귤 2025년 첫수확,일반,9.0,1,39000.0,29000.0,10000,0.2564102564102564,0,4333.333333333333
YMM251221-00000245,SMF28555734,[킹댕즈 보장!]초고당도 타이벡 감귤 2025년 첫수확,일반,4.5,1,29000.0,19000.0,10000,0.3448275862068966,0,6444.444444444444
YMM251221-00000246,SMF28555734,[킹댕즈 보장!]초고당도 타이벡 감귤 2025년 첫수확,일반,4.5,1,29000.0,19000.0,10000,0.3448275862068966,0,6444.444444444444
YMM251221-00000247,SMF28555734,[킹댕즈 보장!]초고당도 타이벡 감귤 2025년 첫수확,일반,9.0,1,39000.0,29000.0,10000,0.2564102564102564,0,4333.333333333333
YMM251221-00000248,SMF28555734,[킹댕즈 보장!]초고당도 타이벡 감귤 2025년 첫수확,일반,4.5,1,29000.0,19000.0,10000,0.3448275862068966,0,6444.444444444444
YMM251221-00000249,SMF28555734,[킹댕즈 보장!]초고당도 타이벡 감귤 2025년 첫수확,일반,4.5,1,29000.0,19000.0,10000,0.3448275862068966,0,6444.444444444444
YMM251221-00000250,SMF28555734,[킹댕즈 보장!]초고당도 타이벡 감귤 2025년 첫수확,일반,9.0,1,39000.0,29000.0,10000,0.2564102564102564,0,4333.333333333333
YMM251221-00000251,SMF28555734,[킹댕즈 보장!]초고당도 타이벡 감귤 2025년 첫수확,일반,4.5,1,29000.0,19000.0,10000,0.3448275862068966,0,6444.444444444444
YMM251221-00000252,SMF28555734,[킹댕즈 보장!]초고당도 타이벡 감귤 2025년 첫수확,일반,4.5,1,29000.0,19000.0,10000,0.3448275862068966,0,6444.444444444444
YMM251221-00000253,SMF28555734,[킹댕즈 보장!]초고당도 타이벡 감귤 2025년 첫수확,일반,4.5,1,29000.0,19000.0,10000,0.3448275862068966,0,6444.444444444444
YMM251221-00000254,SMF28555734,[킹댕즈 보장!]초고당도 타이벡 감귤 2025년 첫수확,일반,9.0,1,39000.0,29000.0,10000,0.2564102564102564,0,4333.333333333333
YMM251221-00000256,SMF28555734,[킹댕즈 보장!]초고당도 타이벡 감귤 2025년 첫수확,일반,4.5,1,29000.0,19000.0,10000,0.3448275862068966,0,6444.444444444444
YMM251221-00000257,SMF28555734,[킹댕즈 보장!]초고당도 타이벡 감귤 2025년 첫수확,일반,4.5,1,29000.0,19000.0,10000,0.3448275862068966,0,6444.444444444444
YMM251221-00000258,SMF28555734,[킹댕즈 보장!]초고당도 타이벡 감귤 2025년 첫수확,일반,9.0,1,39000.0,29000.0,10000,0.2564102564102564,0,4333.333333333333
YMM251221-00000259,SMF28555734,[킹댕즈 보장!]초고당도 타이벡 감귤 2025년 첫수확,일반,9.0,1,39000.0,29000.0,10000,0.2564102564102564,0,4333.333333333333
YMM251221-00000261,SMF28555734,[킹댕즈 보장!]초고당도 타이벡 감귤 2025년 첫수확,일반,9.0,1,39000.0,29000.0,10000,0.2564102564102564,0,4333.333333333333
YMM251221-00000262,SMF13606317,제주산 구좌 흙당근 비세척,일반,3.0,1,15000.0,10500.0,4500,0.3,0,5000.0
YMM251221-00000263,SMF28555734,[킹댕즈 보장!]초고당도 타이벡 감귤 2025년 첫수확,일반,9.0,1,39000.0,29000.0,10000,0.2564102564102564,0,4333.333333333333
YMM251221-00000264,SMF28555734,[킹댕즈 보장!]초고당도 타이벡 감귤 2025년 첫수확,일반,4.5,1,29000.0,19000.0,10000,0.3448275862068966,0,6444.444444444444
YMM251221-00000265,SMF28555734,[킹댕즈 보장!]초고당도 타이벡 감귤 2025년 첫수확,일반,9.0,1,39000.0,29000.0,10000,0.2564102564102564,0,4333.333333333333
YMM251221-00000268,SMF28555734,[킹댕즈 보장!]초고당도 타이벡 감귤 2025년 첫수확,일반,4.5,1,29000.0,19000.0,10000,0.3448275862068966,0,6444.444444444444
YMM251221-00000269,SMF28555734,[킹댕즈 보장!]초고당도 타이벡 감귤 2025년 첫수확,일반,9.0,1,39000.0,29000.0,10000,0.2564102564102564,0,4333.333333333333
YMM251221-00000270,SMF28555734,[킹댕즈 보장!]초고당도 타이벡 감귤 2025년 첫수확,일반,9.0,1,39000.0,29000.0,10000,0.2564102564102564,0,4333.333333333333
YMM251221-00000271,SMF28555734,[킹댕즈 보장!]초고당도 타이벡 감귤 2025년 첫수확,일반,9.0,1,39000.0,29000.0,10000,0.2564102564102564,0,4333.333333333333
YMM251221-00000273,SMF28555734,[킹댕즈 보장!]초고당도 타이벡 감귤 2025년 첫수확,일반,4.5,1,29000.0,19000.0,10000,0.3448275862068966,0,6444.444444444444
YMM251221-00000274,SMF28555734,[킹댕즈 보장!]초고당도 타이벡 감귤 2025년 첫수확,일반,4.5,1,29000.0,19000.0,10000,0.3448275862068966,0,6444.444444444444
YMM251221-00000275,SMF28555734,[킹댕즈 보장!]초고당도 타이벡 감귤 2025년 첫수확,일반,9.0,1,39000.0,29000.0,10000,0.2564102564102564,0,4333.333333333333
YMM251221-00000276,SMF28555734,[킹댕즈 보장!]초고당도 타이벡 감귤 2025년 첫수확,일반,9.0,1,39000.0,29000.0,10000,0.2564102564102564,0,4333.333333333333
YMM251221-00000277,SMF28555734,[킹댕즈 보장!]초고당도 타이벡 감귤 2025년 첫수확,일반,4.5,1,29000.0,19000.0,10000,0.3448275862068966,0,6444.444444444444
YMM251221-00000278,SMF28555734,[킹댕즈 보장!]초고당도 타이벡 감귤 2025년 첫수확,일반,9.0,1,39000.0,29000.0,10000,0.2564102564102564,0,4333.333333333333
YMM251221-00000279,SMF28555734,[킹댕즈 보장!]초고당도 타이벡 감귤 2025년 첫수확,일반,9.0,1,39000.0,29000.0,10000,0.2564102564102564,0,4333.333333333333
YMM251221-00000282,SMF28555734,[킹댕즈 보장!]초고당도 타이벡 감귤 2025년 첫수확,일반,9.0,1,39000.0,29000.0,10000,0.2564102564102564,0,4333.333333333333
YMM251221-00000283,SMF28555734,[킹댕즈 보장!]초고당도 타이벡 감귤 2025년 첫수확,일반,9.0,1,39000.0,29000.0,10000,0.2564102564102564,0,4333.333333333333
YMM251221-00000285,SMF28555734,[킹댕즈 보장!]초고당도 타이벡 감귤 2025년 첫수확,일반,9.0,1,39000.0,29000.0,10000,0.2564102564102564,0,4333.333333333333
YMM251221-00000286,SMF28555734,[킹댕즈 보장!]초고당도 타이벡 감귤 2025년 첫수확,일반,4.5,1,29000.0,19000.0,10000,0.3448275862068966,0,6444.444444444444
YMM251221-00000287,SMF28555734,[킹댕즈 보장!]초고당도 타이벡 감귤 2025년 첫수확,일반,9.0,1,39000.0,29000.0,10000,0.2564102564102564,0,4333.333333333333
YMM251221-00000288,SMF28555734,[킹댕즈 보장!]초고당도 타이벡 감귤 2025년 첫수확,일반,9.0,1,39000.0,29000.0,10000,0.2564102564102564,0,4333.333333333333
YMM251222-00000001,SMF28555734,[킹댕즈 보장!]초고당도 타이벡 감귤 2025년 첫수확,일반,4.5,1,29000.0,19000.0,10000,0.3448275862068966,0,6444.444444444444
YMM251222-00000003,SMF28555734,[킹댕즈 보장!]초고당도 타이벡 감귤 2025년 첫수확,일반,9.0,1,39000.0,29000.0,10000,0.2564102564102564,0,4333.333333333333
YMM251222-00000004,SMF28555734,[킹댕즈 보장!]초고당도 타이벡 감귤 2025년 첫수확,일반,4.5,1,29000.0,19000.0,10000,0.3448275862068966,0,6444.444444444444
YMM251222-00000005,SMF28555734,[킹댕즈 보장!]초고당도 타이벡 감귤 2025년 첫수확,일반,9.0,1,39000.0,29000.0,10000,0.2564102564102564,0,4333.333333333333
YMM251222-00000006,SMF28555734,[킹댕즈 보장!]초고당도 타이벡 감귤 2025년 첫수확,일반,9.0,1,39000.0,29000.0,10000,0.2564102564102564,0,4333.333333333333
YMM251222-00000007,SMF28555734,[킹댕즈 보장!]초고당도 타이벡 감귤 2025년 첫수확,일반,4.5,1,29000.0,19000.0,10000,0.3448275862068966,0,6444.444444444444
YMM251222-00000008,SMF28555734,[킹댕즈 보장!]초고당도 타이벡 감귤 2025년 첫수확,일반,4.5,1,29000.0,19000.0,10000,0.3448275862068966,0,6444.444444444444
YMM251222-00000009,SMF28555734,[킹댕즈 보장!]초고당도 타이벡 감귤 2025년 첫수확,일반,9.0,1,39000.0,29000.0,10000,0.2564102564102564,0,4333.333333333333
YMM251222-00000010,SMF28555734,[킹댕즈 보장!]초고당도 타이벡 감귤 2025년 첫수확,일반,9.0,1,39000.0,29000.0,10000,0.2564102564102564,0,4333.333333333333
YMM251222-00000011,SMF28555734,[킹댕즈 보장!]초고당도 타이벡 감귤 2025년 첫수확,일반,9.0,1,39000.0,29000.0,10000,0.2564102564102564,0,4333.333333333333
YMM251222-00000012,SMF28555734,[킹댕즈 보장!]초고당도 타이벡 감귤 2025년 첫수확,일반,9.0,1,39000.0,29000.0,10000,0.2564102564102564,0,4333.333333333333
YMM251222-00000013,SMF78619818,과즙폭발 겨울의 꽃 조생 감귤,로얄과,4.5,1,19900.0,13200.0,6700,0.33668341708542715,0,4422.222222222223
YMM251222-00000016,SMF78619818,과즙폭발 겨울의 꽃 조생 감귤,로얄과,4.5,1,19900.0,13200.0,6700,0.33668341708542715,0,4422.222222222223
YMM251222-00000017,SMF28555734,[킹댕즈 보장!]초고당도 타이벡 감귤 2025년 첫수확,일반,9.0,1,39000.0,29000.0,10000,0.2564102564102564,0,4333.333333333333
YMM251222-00000018,SMF28555734,[킹댕즈 보장!]초고당도 타이벡 감귤 2025년 첫수확,일반,9.0,1,39000.0,29000.0,10000,0.2564102564102564,0,4333.333333333333
YMM251222-00000019,SMF78619818,과즙폭발 겨울의 꽃 조생 감귤,로얄과,2.5,1,14900.0,10000.0,4900,0.3288590604026846,0,5960.0
YMM251222-00000021,SMF28555734,[킹댕즈 보장!]초고당도 타이벡 감귤 2025년 첫수확,일반,9.0,2,39000.0,29000.0,20000,0.2564102564102564,0,8666.666666666666
YMM251222-00000022,SMF28555734,[킹댕즈 보장!]초고당도 타이벡 감귤 2025년 첫수확,일반,9.0,1,39000.0,29000.0,10000,0.2564102564102564,0,4333.333333333333
YMM251222-00000023,SMF34633170,실속만점 가정용 하우스 한라봉&레드향,소과,4.5,1,35000.0,22300.0,12700,0.3628571428571429,0,7777.777777777777
YMM251222-00000026,SMF28555734,[킹댕즈 보장!]초고당도 타이벡 감귤 2025년 첫수확,일반,4.5,1,29000.0,19000.0,10000,0.3448275862068966,0,6444.444444444444
YMM251222-00000027,SMF28555734,[킹댕즈 보장!]초고당도 타이벡 감귤 2025년 첫수확,일반,9.0,1,39000.0,29000.0,10000,0.2564102564102564,0,4333.333333333333
YMM251222-00000029,SMF28555734,[킹댕즈 보장!]초고당도 타이벡 감귤 2025년 첫수확,일반,4.5,1,29000.0,19000.0,10000,0.3448275862068966,0,6444.444444444444
YMM251222-00000030,SMF28555734,[킹댕즈 보장!]초고당도 타이벡 감귤 2025년 첫수확,일반,9.0,1,39000.0,29000.0,10000,0.2564102564102564,0,4333.333333333333
YMM251222-00000032,SMF28555734,[킹댕즈 보장!]초고당도 타이벡 감귤 2025년 첫수확,일반,4.5,1,29000.0,19000.0,10000,0.3448275862068966,0,6444.444444444444
YMM251222-00000033,SMF28555734,[킹댕즈 보장!]초고당도 타이벡 감귤 2025년 첫수확,일반,9.0,1,39000.0,29000.0,10000,0.2564102564102564,0,4333.333333333333
YMM251222-00000035,SMF28555734,[킹댕즈 보장!]초고당도 타이벡 감귤 2025년 첫수확,일반,9.0,1,39000.0,29000.0,10000,0.2564102564102564,0,4333.333333333333
YMM251222-00000036,SMF28555734,[킹댕즈 보장!]초고당도 타이벡 감귤 2025년 첫수확,일반,4.5,1,29000.0,19000.0,10000,0.3448275862068966,0,6444.444444444444
YMM251222-00000039,SMF34633170,실속만점 가정용 하우스 한라봉&레드향,소과,2.5,1,31000.0,19000.0,12000,0.3870967741935484,0,12400.0
YMM251222-00000040,SMF14158451,초고당도 타이벡 감귤 2025년 첫수확,일반,4.5,1,39000.0,29000.0,10000,0.2564102564102564,0,8666.666666666666
YMM251222-00000041,SMF28555734,[킹댕즈 보장!]초고당도 타이벡 감귤 2025년 첫수확,일반,4.5,1,29000.0,19000.0,10000,0.3448275862068966,0,6444.444444444444
YMM251222-00000042,SMF14158451,초고당도 타이벡 감귤 2025년 첫수확,일반,4.5,1,39000.0,29000.0,10000,0.2564102564102564,0,8666.666666666666
YMM251222-00000043,SMF14158451,초고당도 타이벡 감귤 2025년 첫수확,일반,4.5,1,39000.0,29000.0,10000,0.2564102564102564,0,8666.666666666666
YMM251222-00000044,SMF28555734,[킹댕즈 보장!]초고당도 타이벡 감귤 2025년 첫수확,일반,9.0,1,39000.0,29000.0,10000,0.2564102564102564,0,4333.333333333333
YMM251222-00000045,SMF34633170,실속만점 가정용 하우스 한라봉&레드향,소과,2.5,1,22000.0,14000.0,8000,0.36363636363636365,0,8800.0
YMM251222-00000046,SMF34633170,실속만점 가정용 하우스 한라봉&레드향,소과,2.5,1,22000.0,14000.0,8000,0.36363636363636365,0,8800.0
YMM251222-00000047,SMF34633170,실속만점 가정용 하우스 한라봉&레드향,소과,2.5,1,22000.0,14000.0,8000,0.36363636363636365,0,8800.0
YMM251222-00000048,SMF34633170,실속만점 가정용 하우스 한라봉&레드향,소과,2.5,1,22000.0,14000.0,8000,0.36363636363636365,0,8800.0
YMM251222-00000049,SMF34633170,실속만점 가정용 하우스 한라봉&레드향,소과,2.5,1,22000.0,14000.0,8000,0.36363636363636365,0,8800.0
YMM251222-00000050,SMF34633170,실속만점 가정용 하우스 한라봉&레드향,소과,2.5,1,22000.0,14000.0,8000,0.36363636363636365,0,8800.0
YMM251222-00000051,SMF34633170,실속만점 가정용 하우스 한라봉&레드향,소과,2.5,1,22000.0,14000.0,8000,0.36363636363636365,0,8800.0
YMM251222-00000052,SMF78619818,과즙폭발 겨울의 꽃 조생 감귤,로얄과,2.5,1,14900.0,10000.0,4900,0.3288590604026846,0,5960.0
YMM251222-00000053,SMF34633170,실속만점 가정용 하우스 한라봉&레드향,대과,4.5,1,55000.0,34000.0,21000,0.38181818181818183,0,12222.222222222223
YMM251222-00000054,SMF28555734,[킹댕즈 보장!]초고당도 타이벡 감귤 2025년 첫수확,일반,4.5,1,29000.0,19000.0,10000,0.3448275862068966,0,6444.444444444444
YMM251222-00000057,SMF28555734,[킹댕즈 보장!]초고당도 타이벡 감귤 2025년 첫수확,일반,4.5,1,29000.0,19000.0,10000,0.3448275862068966,0,6444.444444444444
YMM251222-00000058,SMF78619818,과즙폭발 겨울의 꽃 조생 감귤,로얄과,4.5,1,19900.0,13200.0,6700,0.33668341708542715,0,4422.222222222223
YMM251222-00000060,SMF14158451,초고당도 타이벡 감귤 2025년 첫수확,일반,4.5,1,39000.0,29000.0,10000,0.2564102564102564,0,8666.666666666666
YMM251222-00000061,SMF28555734,[킹댕즈 보장!]초고당도 타이벡 감귤 2025년 첫수확,일반,4.5,1,29000.0,19000.0,10000,0.3448275862068966,0,6444.444444444444
YMM251222-00000062,SMF28555734,[킹댕즈 보장!]초고당도 타이벡 감귤 2025년 첫수확,일반,4.5,2,29000.0,19000.0,20000,0.3448275862068966,0,12888.888888888889
YMM251222-00000063,SMF28555734,[킹댕즈 보장!]초고당도 타이벡 감귤 2025년 첫수확,일반,9.0,1,39000.0,29000.0,10000,0.2564102564102564,0,4333.333333333333
YMM251222-00000064,SMF28555734,[킹댕즈 보장!]초고당도 타이벡 감귤 2025년 첫수확,일반,4.5,1,29000.0,19000.0,10000,0.3448275862068966,0,6444.444444444444
YMM251222-00000065,SMF28555734,[킹댕즈 보장!]초고당도 타이벡 감귤 2025년 첫수확,일반,4.5,1,29000.0,19000.0,10000,0.3448275862068966,0,6444.444444444444
YMM251222-00000066,SMF14158451,초고당도 타이벡 감귤 2025년 첫수확,일반,4.5,1,39000.0,29000.0,10000,0.2564102564102564,0,8666.666666666666
YMM251222-00000067,SMF28555734,[킹댕즈 보장!]초고당도 타이벡 감귤 2025년 첫수확,일반,4.5,1,29000.0,19000.0,10000,0.3448275862068966,0,6444.444444444444
YMM251222-00000069,SMF34633170,실속만점 가정용 하우스 한라봉&레드향,대과,2.5,1,33000.0,20500.0,12500,0.3787878787878788,0,13200.0
YMM251222-00000070,SMF28555734,[킹댕즈 보장!]초고당도 타이벡 감귤 2025년 첫수확,일반,9.0,1,39000.0,29000.0,10000,0.2564102564102564,0,4333.333333333333
YMM251222-00000071,SMF28555734,[킹댕즈 보장!]초고당도 타이벡 감귤 2025년 첫수확,일반,9.0,1,39000.0,29000.0,10000,0.2564102564102564,0,4333.333333333333
YMM251222-00000072,SMF28555734,[킹댕즈 보장!]초고당도 타이벡 감귤 2025년 첫수확,일반,9.0,1,39000.0,29000.0,10000,0.2564102564102564,0,4333.333333333333
YMM251222-00000073,SMF87201852,초고당도 타이벡감귤 2025년 첫 수확,일반,9.0,1,55000.0,29000.0,26000,0.4727272727272727,0,6111.111111111111
YMM251222-00000074,SMF28555734,[킹댕즈 보장!]초고당도 타이벡 감귤 2025년 첫수확,일반,9.0,1,39000.0,29000.0,10000,0.2564102564102564,0,4333.333333333333
YMM251222-00000075,SMF14158451,초고당도 타이벡 감귤 2025년 첫수확,일반,4.5,1,39000.0,29000.0,10000,0.2564102564102564,0,8666.666666666666
YMM251222-00000076,SMF28555734,[킹댕즈 보장!]초고당도 타이벡 감귤 2025년 첫수확,일반,9.0,1,39000.0,29000.0,10000,0.2564102564102564,0,4333.333333333333
YMM251222-00000077,SMF14158451,초고당도 타이벡 감귤 2025년 첫수확,일반,4.5,1,39000.0,29000.0,10000,0.2564102564102564,0,8666.666666666666
YMM251222-00000078,SMF28555734,[킹댕즈 보장!]초고당도 타이벡 감귤 2025년 첫수확,일반,4.5,1,29000.0,19000.0,10000,0.3448275862068966,0,6444.444444444444
YMM251222-00000079,SMF24484057,초고당도 타이벡감귤 2025년 첫 수확,일반,9.0,1,39000.0,29000.0,10000,0.2564102564102564,0,4333.333333333333
YMM251222-00000080,SMF28555734,[킹댕즈 보장!]초고당도 타이벡 감귤 2025년 첫수확,일반,4.5,1,29000.0,19000.0,10000,0.3448275862068966,0,6444.444444444444
YMM251222-00000082,SMF24484057,초고당도 타이벡감귤 2025년 첫 수확,일반,5.0,4,29000.0,19000.0,40000,0.3448275862068966,0,23200.0
YMM251222-00000083,SMF28555734,[킹댕즈 보장!]초고당도 타이벡 감귤 2025년 첫수확,일반,4.5,1,29000.0,19000.0,10000,0.3448275862068966,0,6444.444444444444
YMM251222-00000084,SMF78619818,과즙폭발 겨울의 꽃 조생 감귤,로얄과,2.5,1,14900.0,10000.0,4900,0.3288590604026846,0,5960.0
YMM251222-00000085,SMF28555734,[킹댕즈 보장!]초고당도 타이벡 감귤 2025년 첫수확,일반,9.0,1,39000.0,29000.0,10000,0.2564102564102564,0,4333.333333333333
YMM251222-00000087,SMF14158451,초고당도 타이벡 감귤 2025년 첫수확,일반,2.5,1,29000.0,19000.0,10000,0.3448275862068966,0,11600.0
YMM251222-00000088,SMF78619818,과즙폭발 겨울의 꽃 조생 감귤,로얄과,4.5,1,19900.0,13200.0,6700,0.33668341708542715,0,4422.222222222223
YMM251223-00000001,SMF28555734,[킹댕즈 보장!]초고당도 타이벡 감귤 2025년 첫수확,일반,9.0,1,39000.0,29000.0,10000,0.2564102564102564,0,4333.333333333333
YMM251223-00000002,SMF28555734,[킹댕즈 보장!]초고당도 타이벡 감귤 2025년 첫수확,일반,9.0,1,39000.0,29000.0,10000,0.2564102564102564,0,4333.333333333333
YMM251223-00000003,SMF28555734,[킹댕즈 보장!]초고당도 타이벡 감귤 2025년 첫수확,일반,4.5,1,29000.0,19000.0,10000,0.3448275862068966,0,6444.444444444444
YMM251223-00000004,SMF28555734,[킹댕즈 보장!]초고당도 타이벡 감귤 2025년 첫수확,일반,4.5,1,29000.0,19000.0,10000,0.3448275862068966,0,6444.444444444444
YMM251223-00000005,SMF28555734,[킹댕즈 보장!]초고당도 타이벡 감귤 2025년 첫수확,일반,4.5,1,29000.0,19000.0,10000,0.3448275862068966,0,6444.444444444444
YMM251223-00000006,SMF28555734,[킹댕즈 보장!]초고당도 타이벡 감귤 2025년 첫수확,일반,9.0,1,39000.0,29000.0,10000,0.2564102564102564,0,4333.333333333333
YMM251223-00000007,SMF28555734,[킹댕즈 보장!]초고당도 타이벡 감귤 2025년 첫수확,일반,9.0,1,39000.0,29000.0,10000,0.2564102564102564,0,4333.333333333333
YMM251223-00000008,SMF26601701,엄선된 프리미엄 과일 선물세트,대과,4.5,2,62000.0,38500.0,47000,0.3790322580645161,0,27555.555555555555
YMM251223-00000009,SMF34633170,실속만점 가정용 하우스 한라봉&레드향,대과,4.5,3,55000.0,34000.0,63000,0.38181818181818183,0,36666.666666666664
YMM251223-00000010,SMF28555734,[킹댕즈 보장!]초고당도 타이벡 감귤 2025년 첫수확,일반,9.0,1,39000.0,29000.0,10000,0.2564102564102564,0,4333.333333333333
YMM251223-00000011,SMF28555734,[킹댕즈 보장!]초고당도 타이벡 감귤 2025년 첫수확,일반,9.0,2,39000.0,29000.0,20000,0.2564102564102564,0,8666.666666666666
YMM251223-00000012,SMF34633170,실속만점 가정용 하우스 한라봉&레드향,중과,2.5,1,32000.0,19750.0,12250,0.3828125,0,12800.0
YMM251223-00000013,SMF28555734,[킹댕즈 보장!]초고당도 타이벡 감귤 2025년 첫수확,일반,4.5,1,29000.0,19000.0,10000,0.3448275862068966,0,6444.444444444444
YMM251223-00000014,SMF28555734,[킹댕즈 보장!]초고당도 타이벡 감귤 2025년 첫수확,일반,9.0,1,39000.0,29000.0,10000,0.2564102564102564,0,4333.333333333333
YMM251223-00000016,SMF78619818,과즙폭발 겨울의 꽃 조생 감귤,로얄과,4.5,2,19900.0,13200.0,13400,0.33668341708542715,0,8844.444444444445
YMM251223-00000017,SMF13606317,제주산 구좌 흙당근 비세척,일반,5.0,1,18000.0,12000.0,6000,0.3333333333333333,0,3600.0
YMM251223-00000018,SMF78619818,과즙폭발 겨울의 꽃 조생 감귤,로얄과,4.5,2,19900.0,13200.0,13400,0.33668341708542715,0,8844.444444444445
YMM251223-00000019,SMF78619818,과즙폭발 겨울의 꽃 조생 감귤,로얄과,4.5,1,19900.0,13200.0,6700,0.33668341708542715,0,4422.222222222223
YMM251223-00000020,SMF14158451,초고당도 타이벡 감귤 2025년 첫수확,일반,4.5,1,39000.0,29000.0,10000,0.2564102564102564,0,8666.666666666666
YMM251223-00000021,SMF78619818,과즙폭발 겨울의 꽃 조생 감귤,로얄과,4.5,3,19900.0,13200.0,20100,0.33668341708542715,0,13266.666666666666
YMM251223-00000022,SMF28555734,[킹댕즈 보장!]초고당도 타이벡 감귤 2025년 첫수확,일반,4.5,1,29000.0,19000.0,10000,0.3448275862068966,0,6444.444444444444
YMM251223-00000023,SMF34633170,실속만점 가정용 하우스 한라봉&레드향,중과,4.5,2,45000.0,28600.0,32800,0.36444444444444446,0,20000.0
YMM251223-00000024,SMF78619818,과즙폭발 겨울의 꽃 조생 감귤,로얄과,4.5,1,19900.0,13200.0,6700,0.33668341708542715,0,4422.222222222223
YMM251223-00000025,SMF14158451,초고당도 타이벡 감귤 2025년 첫수확,일반,4.5,1,39000.0,29000.0,10000,0.2564102564102564,0,8666.666666666666
YMM251223-00000026,SMF28555734,[킹댕즈 보장!]초고당도 타이벡 감귤 2025년 첫수확,일반,4.5,1,29000.0,19000.0,10000,0.3448275862068966,0,6444.444444444444
YMM251223-00000027,SMF78619818,과즙폭발 겨울의 꽃 조생 감귤,로얄과,4.5,1,19900.0,13200.0,6700,0.33668341708542715,0,4422.222222222223
YMM251223-00000030,SMF14158451,초고당도 타이벡 감귤 2025년 첫수확,일반,2.5,1,29000.0,19000.0,10000,0.3448275862068966,0,11600.0
YMM251223-00000031,SMF14158451,초고당도 타이벡 감귤 2025년 첫수확,일반,4.5,1,39000.0,29000.0,10000,0.2564102564102564,0,8666.666666666666
YMM251223-00000032,SMF14158451,초고당도 타이벡 감귤 2025년 첫수확,일반,2.5,1,29000.0,19000.0,10000,0.3448275862068966,0,11600.0
YMM251223-00000033,SMF34633170,실속만점 가정용 하우스 한라봉&레드향,중과,4.5,1,51000.0,32650.0,18350,0.35980392156862745,0,11333.333333333334
YMM251223-00000034,SMF28555734,[킹댕즈 보장!]초고당도 타이벡 감귤 2025년 첫수확,일반,4.5,1,29000.0,19000.0,10000,0.3448275862068966,0,6444.444444444444
YMM251223-00000035,SMF28555734,[킹댕즈 보장!]초고당도 타이벡 감귤 2025년 첫수확,일반,9.0,1,39000.0,29000.0,10000,0.2564102564102564,0,4333.333333333333
YMM251223-00000036,SMF78619818,과즙폭발 겨울의 꽃 조생 감귤,로얄과,4.5,5,19900.0,13200.0,33500,0.33668341708542715,0,22111.11111111111
YMM251223-00000037,SMF28555734,[킹댕즈 보장!]초고당도 타이벡 감귤 2025년 첫수확,일반,4.5,1,29000.0,19000.0,10000,0.3448275862068966,0,6444.444444444444
YMM251223-00000038,SMF28555734,[킹댕즈 보장!]초고당도 타이벡 감귤 2025년 첫수확,일반,4.5,1,29000.0,19000.0,10000,0.3448275862068966,0,6444.444444444444
YMM251223-00000039,SMF78619818,과즙폭발 겨울의 꽃 조생 감귤,로얄과,4.5,1,19900.0,13200.0,6700,0.33668341708542715,0,4422.222222222223
YMM251223-00000041,SMF34633170,실속만점 가정용 하우스 한라봉&레드향,대과,4.5,1,42500.0,26800.0,15700,0.36941176470588233,0,9444.444444444445
YMM251223-00000044,SMF28555734,[킹댕즈 보장!]초고당도 타이벡 감귤 2025년 첫수확,일반,9.0,1,39000.0,29000.0,10000,0.2564102564102564,0,4333.333333333333
YMM251223-00000045,SMF78619818,과즙폭발 겨울의 꽃 조생 감귤,로얄과,4.5,1,19900.0,13200.0,6700,0.33668341708542715,0,4422.222222222223
YMM251223-00000046,SMF78619818,과즙폭발 겨울의 꽃 조생 감귤,로얄과,4.5,1,19900.0,13200.0,6700,0.33668341708542715,0,4422.222222222223
YMM251223-00000047,SMF34633170,실속만점 가정용 하우스 한라봉&레드향,대과,2.5,1,26500.0,16500.0,10000,0.37735849056603776,0,10600.0
YMM251223-00000048,SMF34633170,실속만점 가정용 하우스 한라봉&레드향,대과,2.5,1,26500.0,16500.0,10000,0.37735849056603776,0,10600.0
YMM251223-00000049,SMF34633170,실속만점 가정용 하우스 한라봉&레드향,대과,2.5,1,26500.0,16500.0,10000,0.37735849056603776,0,10600.0
YMM251223-00000050,SMF28555734,[킹댕즈 보장!]초고당도 타이벡 감귤 2025년 첫수확,일반,4.5,1,29000.0,19000.0,10000,0.3448275862068966,0,6444.444444444444
YMM251223-00000051,SMF28555734,[킹댕즈 보장!]초고당도 타이벡 감귤 2025년 첫수확,일반,4.5,1,29000.0,19000.0,10000,0.3448275862068966,0,6444.444444444444
YMM251223-00000052,SMF28555734,[킹댕즈 보장!]초고당도 타이벡 감귤 2025년 첫수확,일반,4.5,1,29000.0,19000.0,10000,0.3448275862068966,0,6444.444444444444
YMM251223-00000053,SMF78619818,과즙폭발 겨울의 꽃 조생 감귤,로얄과,4.5,2,19900.0,13200.0,13400,0.33668341708542715,0,8844.444444444445
YMM251223-00000056,SMF13606317,제주산 구좌 흙당근 비세척,일반,10.0,1,25000.0,18000.0,7000,0.28,0,2500.0
YMM251223-00000057,SMF13606317,제주산 구좌 흙당근 비세척,일반,3.0,1,14000.0,9500.0,4500,0.32142857142857145,0,4666.666666666667
YMM251223-00000058,SMF28555734,[킹댕즈 보장!]초고당도 타이벡 감귤 2025년 첫수확,일반,9.0,1,39000.0,29000.0,10000,0.2564102564102564,0,4333.333333333333
YMM251223-00000059,SMF28555734,[킹댕즈 보장!]초고당도 타이벡 감귤 2025년 첫수확,일반,4.5,1,29000.0,19000.0,10000,0.3448275862068966,0,6444.444444444444
YMM251223-00000060,SMF78619818,과즙폭발 겨울의 꽃 조생 감귤,로얄과,4.5,1,19900.0,13200.0,6700,0.33668341708542715,0,4422.222222222223
YMM251223-00000061,SMF34633170,실속만점 가정용 하우스 한라봉&레드향,소과,2.5,1,31000.0,19000.0,12000,0.3870967741935484,0,12400.0
YMM251223-00000062,SMF28555734,[킹댕즈 보장!]초고당도 타이벡 감귤 2025년 첫수확,일반,4.5,1,29000.0,19000.0,10000,0.3448275862068966,0,6444.444444444444
YMM251223-00000063,SMF14158451,초고당도 타이벡 감귤 2025년 첫수확,일반,4.5,1,39000.0,29000.0,10000,0.2564102564102564,0,8666.666666666666
YMM251223-00000064,SMF28555734,[킹댕즈 보장!]초고당도 타이벡 감귤 2025년 첫수확,일반,4.5,1,29000.0,19000.0,10000,0.3448275862068966,0,6444.444444444444
YMM251224-00000003,SMF78619818,과즙폭발 겨울의 꽃 조생 감귤,로얄과,4.5,1,19900.0,13200.0,6700,0.33668341708542715,0,4422.222222222223
YMM251224-00000005,SMF14158451,초고당도 타이벡 감귤 2025년 첫수확,일반,2.5,1,29000.0,19000.0,10000,0.3448275862068966,0,11600.0
YMM251224-00000007,SMF78619818,과즙폭발 겨울의 꽃 조생 감귤,로얄과,2.5,1,14900.0,10000.0,4900,0.3288590604026846,0,5960.0
YMM251224-00000009,SMF26601701,엄선된 프리미엄 과일 선물세트,중과,4.5,1,60000.0,37150.0,22850,0.38083333333333336,0,13333.333333333334
YMM251224-00000010,SMF13606317,제주산 구좌 흙당근 비세척,일반,5.0,1,20000.0,14000.0,6000,0.3,0,4000.0
YMM251224-00000011,SMF34633170,실속만점 가정용 하우스 한라봉&레드향,중과,2.5,1,32000.0,19750.0,12250,0.3828125,0,12800.0
YMM251224-00000014,SMF78619818,과즙폭발 겨울의 꽃 조생 감귤,로얄과,2.5,2,14900.0,10000.0,9800,0.3288590604026846,0,11920.0
YMM251224-00000015,SMF78619818,과즙폭발 겨울의 꽃 조생 감귤,로얄과,4.5,1,19900.0,13200.0,6700,0.33668341708542715,0,4422.222222222223
YMM251224-00000017,SMF78619818,과즙폭발 겨울의 꽃 조생 감귤,로얄과,2.5,1,14900.0,10000.0,4900,0.3288590604026846,0,5960.0
YMM251224-00000018,SMF28555734,[킹댕즈 보장!]초고당도 타이벡 감귤 2025년 첫수확,일반,9.0,1,39000.0,29000.0,10000,0.2564102564102564,0,4333.333333333333
YMM251224-00000019,SMF28555734,[킹댕즈 보장!]초고당도 타이벡 감귤 2025년 첫수확,일반,4.5,1,29000.0,19000.0,10000,0.3448275862068966,0,6444.444444444444
YMM251224-00000020,SMF78619818,과즙폭발 겨울의 꽃 조생 감귤,로얄과,4.5,1,19900.0,13200.0,6700,0.33668341708542715,0,4422.222222222223
YMM251224-00000021,SMF24484057,초고당도 타이벡감귤 2025년 첫 수확,일반,9.0,1,39000.0,29000.0,10000,0.2564102564102564,0,4333.333333333333
YMM251224-00000022,SMF24484057,초고당도 타이벡감귤 2025년 첫 수확,일반,5.0,1,29000.0,19000.0,10000,0.3448275862068966,0,5800.0
YMM251224-00000023,SMF24484057,초고당도 타이벡감귤 2025년 첫 수확,일반,9.0,1,39000.0,29000.0,10000,0.2564102564102564,0,4333.333333333333
YMM251224-00000024,SMF24484057,초고당도 타이벡감귤 2025년 첫 수확,일반,9.0,1,39000.0,29000.0,10000,0.2564102564102564,0,4333.333333333333
YMM251224-00000025,SMF34633170,실속만점 가정용 하우스 한라봉&레드향,소과,4.5,1,35000.0,22300.0,12700,0.3628571428571429,0,7777.777777777777
YMM251224-00000026,SMF78619818,과즙폭발 겨울의 꽃 조생 감귤,로얄과,4.5,1,19900.0,13200.0,6700,0.33668341708542715,0,4422.222222222223
YMM251224-00000027,SMF78619818,과즙폭발 겨울의 꽃 조생 감귤,로얄과,4.5,1,19900.0,13200.0,6700,0.33668341708542715,0,4422.222222222223
YMM251224-00000028,SMF28555734,[킹댕즈 보장!]초고당도 타이벡 감귤 2025년 첫수확,일반,9.0,1,39000.0,29000.0,10000,0.2564102564102564,0,4333.333333333333
YMM251224-00000029,SMF28555734,[킹댕즈 보장!]초고당도 타이벡 감귤 2025년 첫수확,일반,4.5,1,29000.0,19000.0,10000,0.3448275862068966,0,6444.444444444444
YMM251224-00000030,SMF28555734,[킹댕즈 보장!]초고당도 타이벡 감귤 2025년 첫수확,일반,9.0,1,39000.0,29000.0,10000,0.2564102564102564,0,4333.333333333333
YMM251224-00000031,SMF28555734,[킹댕즈 보장!]초고당도 타이벡 감귤 2025년 첫수확,일반,9.0,1,39000.0,29000.0,10000,0.2564102564102564,0,4333.333333333333
YMM251224-00000032,SMF14158451,초고당도 타이벡 감귤 2025년 첫수확,일반,4.5,1,39000.0,29000.0,10000,0.2564102564102564,0,8666.666666666666
YMM251224-00000033,SMF78619818,과즙폭발 겨울의 꽃 조생 감귤,로얄과,2.5,1,14900.0,10000.0,4900,0.3288590604026846,0,5960.0
YMM251224-00000034,SMF28555734,[킹댕즈 보장!]초고당도 타이벡 감귤 2025년 첫수확,일반,4.5,1,29000.0,19000.0,10000,0.3448275862068966,0,6444.444444444444
YMM251224-00000036,SMF28555734,[킹댕즈 보장!]초고당도 타이벡 감귤 2025년 첫수확,일반,9.0,1,39000.0,29000.0,10000,0.2564102564102564,0,4333.333333333333
YMM251224-00000037,SMF28555734,[킹댕즈 보장!]초고당도 타이벡 감귤 2025년 첫수확,일반,9.0,1,39000.0,29000.0,10000,0.2564102564102564,0,4333.333333333333
YMM251224-00000038,SMF78619818,과즙폭발 겨울의 꽃 조생 감귤,로얄과,4.5,1,19900.0,13200.0,6700,0.33668341708542715,0,4422.222222222223
YMM251224-00000039,SMF28555734,[킹댕즈 보장!]초고당도 타이벡 감귤 2025년 첫수확,일반,9.0,1,39000.0,29000.0,10000,0.2564102564102564,0,4333.333333333333
YMM251224-00000040,SMF28555734,[킹댕즈 보장!]초고당도 타이벡 감귤 2025년 첫수확,일반,9.0,1,39000.0,29000.0,10000,0.2564102564102564,0,4333.333333333333
YMM251224-00000041,SMF28555734,[킹댕즈 보장!]초고당도 타이벡 감귤 2025년 첫수확,일반,4.5,1,29000.0,19000.0,10000,0.3448275862068966,0,6444.444444444444
YMM251224-00000043,SMF28555734,[킹댕즈 보장!]초고당도 타이벡 감귤 2025년 첫수확,일반,9.0,1,39000.0,29000.0,10000,0.2564102564102564,0,4333.333333333333
YMM251224-00000044,SMF28555734,[킹댕즈 보장!]초고당도 타이벡 감귤 2025년 첫수확,일반,4.5,1,29000.0,19000.0,10000,0.3448275862068966,0,6444.444444444444
YMM251224-00000045,SMF28555734,[킹댕즈 보장!]초고당도 타이벡 감귤 2025년 첫수확,일반,9.0,1,39000.0,29000.0,10000,0.2564102564102564,0,4333.333333333333
YMM251224-00000046,SMF28555734,[킹댕즈 보장!]초고당도 타이벡 감귤 2025년 첫수확,일반,4.5,1,29000.0,19000.0,10000,0.3448275862068966,0,6444.444444444444
YMM251224-00000047,SMF28555734,[킹댕즈 보장!]초고당도 타이벡 감귤 2025년 첫수확,일반,4.5,1,29000.0,19000.0,10000,0.3448275862068966,0,6444.444444444444
YMM251224-00000048,SMF28555734,[킹댕즈 보장!]초고당도 타이벡 감귤 2025년 첫수확,일반,9.0,1,39000.0,29000.0,10000,0.2564102564102564,0,4333.333333333333
YMM251224-00000049,SMF28555734,[킹댕즈 보장!]초고당도 타이벡 감귤 2025년 첫수확,일반,4.5,1,29000.0,19000.0,10000,0.3448275862068966,0,6444.444444444444
YMM251224-00000050,SMF28555734,[킹댕즈 보장!]초고당도 타이벡 감귤 2025년 첫수확,일반,4.5,1,29000.0,19000.0,10000,0.3448275862068966,0,6444.444444444444
YMM251224-00000051,SMF28555734,[킹댕즈 보장!]초고당도 타이벡 감귤 2025년 첫수확,일반,4.5,1,29000.0,19000.0,10000,0.3448275862068966,0,6444.444444444444
YMM251224-00000052,SMF28555734,[킹댕즈 보장!]초고당도 타이벡 감귤 2025년 첫수확,일반,4.5,1,29000.0,19000.0,10000,0.3448275862068966,0,6444.444444444444
YMM251224-00000053,SMF28555734,[킹댕즈 보장!]초고당도 타이벡 감귤 2025년 첫수확,일반,9.0,1,39000.0,29000.0,10000,0.2564102564102564,0,4333.333333333333
YMM251224-00000054,SMF28555734,[킹댕즈 보장!]초고당도 타이벡 감귤 2025년 첫수확,일반,4.5,1,29000.0,19000.0,10000,0.3448275862068966,0,6444.444444444444
YMM251224-00000056,SMF28555734,[킹댕즈 보장!]초고당도 타이벡 감귤 2025년 첫수확,일반,9.0,1,39000.0,29000.0,10000,0.2564102564102564,0,4333.333333333333
YMM251224-00000057,SMF28555734,[킹댕즈 보장!]초고당도 타이벡 감귤 2025년 첫수확,일반,4.5,1,29000.0,19000.0,10000,0.3448275862068966,0,6444.444444444444
YMM251224-00000058,SMF28555734,[킹댕즈 보장!]초고당도 타이벡 감귤 2025년 첫수확,일반,9.0,1,39000.0,29000.0,10000,0.2564102564102564,0,4333.333333333333
YMM251224-00000059,SMF28555734,[킹댕즈 보장!]초고당도 타이벡 감귤 2025년 첫수확,일반,4.5,1,29000.0,19000.0,10000,0.3448275862068966,0,6444.444444444444
YMM251224-00000060,SMF28555734,[킹댕즈 보장!]초고당도 타이벡 감귤 2025년 첫수확,일반,4.5,1,29000.0,19000.0,10000,0.3448275862068966,0,6444.444444444444
YMM251224-00000061,SMF28555734,[킹댕즈 보장!]초고당도 타이벡 감귤 2025년 첫수확,일반,9.0,1,39000.0,29000.0,10000,0.2564102564102564,0,4333.333333333333
YMM251224-00000062,SMF28555734,[킹댕즈 보장!]초고당도 타이벡 감귤 2025년 첫수확,일반,9.0,1,39000.0,29000.0,10000,0.2564102564102564,0,4333.333333333333
YMM251224-00000063,SMF28555734,[킹댕즈 보장!]초고당도 타이벡 감귤 2025년 첫수확,일반,4.5,1,29000.0,19000.0,10000,0.3448275862068966,0,6444.444444444444
YMM251224-00000064,SMF28555734,[킹댕즈 보장!]초고당도 타이벡 감귤 2025년 첫수확,일반,9.0,1,39000.0,29000.0,10000,0.2564102564102564,0,4333.333333333333
YMM251224-00000066,SMF28555734,[킹댕즈 보장!]초고당도 타이벡 감귤 2025년 첫수확,일반,4.5,1,29000.0,19000.0,10000,0.3448275862068966,0,6444.444444444444
YMM251224-00000067,SMF28555734,[킹댕즈 보장!]초고당도 타이벡 감귤 2025년 첫수확,일반,9.0,1,39000.0,29000.0,10000,0.2564102564102564,0,4333.333333333333
YMM251224-00000069,SMF28555734,[킹댕즈 보장!]초고당도 타이벡 감귤 2025년 첫수확,일반,9.0,1,39000.0,29000.0,10000,0.2564102564102564,0,4333.333333333333
YMM251224-00000073,SMF78619818,과즙폭발 겨울의 꽃 조생 감귤,로얄과,4.5,1,19900.0,13200.0,6700,0.33668341708542715,0,4422.222222222223
YMM251224-00000075,SMF78619818,과즙폭발 겨울의 꽃 조생 감귤,로얄과,4.5,1,19900.0,13200.0,6700,0.33668341708542715,0,4422.222222222223
YMM251224-00000076,SMF78619818,과즙폭발 겨울의 꽃 조생 감귤,로얄과,4.5,1,19900.0,13200.0,6700,0.33668341708542715,0,4422.222222222223
YMM251225-00000001,SMF28555734,[킹댕즈 보장!]초고당도 타이벡 감귤 2025년 첫수확,일반,9.0,1,39000.0,29000.0,10000,0.2564102564102564,0,4333.333333333333
YMM251225-00000002,SMF28555734,[킹댕즈 보장!]초고당도 타이벡 감귤 2025년 첫수확,일반,9.0,1,39000.0,29000.0,10000,0.2564102564102564,0,4333.333333333333
YMM251225-00000003,SMF28555734,[킹댕즈 보장!]초고당도 타이벡 감귤 2025년 첫수확,일반,9.0,1,39000.0,29000.0,10000,0.2564102564102564,0,4333.333333333333
YMM251225-00000004,SMF34633170,실속만점 가정용 하우스 한라봉&레드향,중과,2.5,1,32000.0,19750.0,12250,0.3828125,0,12800.0
YMM251225-00000005,SMF28555734,[킹댕즈 보장!]초고당도 타이벡 감귤 2025년 첫수확,일반,9.0,1,39000.0,29000.0,10000,0.2564102564102564,0,4333.333333333333
YMM251225-00000006,SMF28555734,[킹댕즈 보장!]초고당도 타이벡 감귤 2025년 첫수확,일반,9.0,1,39000.0,29000.0,10000,0.2564102564102564,0,4333.333333333333
YMM251225-00000007,SMF28555734,[킹댕즈 보장!]초고당도 타이벡 감귤 2025년 첫수확,일반,9.0,1,39000.0,29000.0,10000,0.2564102564102564,0,4333.333333333333
YMM251225-00000008,SMF28555734,[킹댕즈 보장!]초고당도 타이벡 감귤 2025년 첫수확,일반,9.0,1,39000.0,29000.0,10000,0.2564102564102564,0,4333.333333333333
YMM251225-00000009,SMF28555734,[킹댕즈 보장!]초고당도 타이벡 감귤 2025년 첫수확,일반,4.5,1,29000.0,19000.0,10000,0.3448275862068966,0,6444.444444444444
YMM251225-00000010,SMF28555734,[킹댕즈 보장!]초고당도 타이벡 감귤 2025년 첫수확,일반,9.0,1,39000.0,29000.0,10000,0.2564102564102564,0,4333.333333333333
YMM251225-00000011,SMF34633170,실속만점 가정용 하우스 한라봉&레드향,중과,2.5,1,32000.0,19750.0,12250,0.3828125,0,12800.0
YMM251225-00000012,SMF28555734,[킹댕즈 보장!]초고당도 타이벡 감귤 2025년 첫수확,일반,9.0,2,34000.0,24000.0,20000,0.29411764705882354,0,7555.555555555556
YMM251225-00000013,SMF28555734,[킹댕즈 보장!]초고당도 타이벡 감귤 2025년 첫수확,일반,9.0,1,39000.0,29000.0,10000,0.2564102564102564,0,4333.333333333333
YMM251225-00000014,SMF28555734,[킹댕즈 보장!]초고당도 타이벡 감귤 2025년 첫수확,일반,4.5,1,29000.0,19000.0,10000,0.3448275862068966,0,6444.444444444444
YMM251225-00000015,SMF28555734,[킹댕즈 보장!]초고당도 타이벡 감귤 2025년 첫수확,일반,9.0,1,39000.0,29000.0,10000,0.2564102564102564,0,4333.333333333333
YMM251225-00000016,SMF34633170,실속만점 가정용 하우스 한라봉&레드향,대과,2.5,1,26500.0,16500.0,10000,0.37735849056603776,0,10600.0
YMM251225-00000017,SMF28555734,[킹댕즈 보장!]초고당도 타이벡 감귤 2025년 첫수확,일반,9.0,1,39000.0,29000.0,10000,0.2564102564102564,0,4333.333333333333
YMM251225-00000018,SMF28555734,[킹댕즈 보장!]초고당도 타이벡 감귤 2025년 첫수확,일반,9.0,1,39000.0,29000.0,10000,0.2564102564102564,0,4333.333333333333
YMM251225-00000019,SMF78619818,과즙폭발 겨울의 꽃 조생 감귤,로얄과,4.5,2,19900.0,13200.0,13400,0.33668341708542715,0,8844.444444444445
YMM251225-00000021,SMF28555734,[킹댕즈 보장!]초고당도 타이벡 감귤 2025년 첫수확,일반,4.5,1,29000.0,19000.0,10000,0.3448275862068966,0,6444.444444444444
YMM251225-00000022,SMF28555734,[킹댕즈 보장!]초고당도 타이벡 감귤 2025년 첫수확,일반,4.5,1,29000.0,19000.0,10000,0.3448275862068966,0,6444.444444444444
YMM251225-00000023,SMF28555734,[킹댕즈 보장!]초고당도 타이벡 감귤 2025년 첫수확,일반,9.0,1,39000.0,29000.0,10000,0.2564102564102564,0,4333.333333333333
YMM251225-00000024,SMF28555734,[킹댕즈 보장!]초고당도 타이벡 감귤 2025년 첫수확,일반,9.0,1,39000.0,29000.0,10000,0.2564102564102564,0,4333.333333333333
YMM251225-00000025,SMF28555734,[킹댕즈 보장!]초고당도 타이벡 감귤 2025년 첫수확,일반,4.5,1,29000.0,19000.0,10000,0.3448275862068966,0,6444.444444444444
YMM251225-00000026,SMF78619818,과즙폭발 겨울의 꽃 조생 감귤,로얄과,2.5,1,14900.0,10000.0,4900,0.3288590604026846,0,5960.0
YMM251225-00000027,SMF28555734,[킹댕즈 보장!]초고당도 타이벡 감귤 2025년 첫수확,일반,9.0,1,39000.0,29000.0,10000,0.2564102564102564,0,4333.333333333333
YMM251225-00000028,SMF28555734,[킹댕즈 보장!]초고당도 타이벡 감귤 2025년 첫수확,일반,4.5,1,29000.0,19000.0,10000,0.3448275862068966,0,6444.444444444444
YMM251225-00000029,SMF28555734,[킹댕즈 보장!]초고당도 타이벡 감귤 2025년 첫수확,일반,4.5,1,29000.0,19000.0,10000,0.3448275862068966,0,6444.444444444444
YMM251225-00000030,SMF28555734,[킹댕즈 보장!]초고당도 타이벡 감귤 2025년 첫수확,일반,9.0,1,39000.0,29000.0,10000,0.2564102564102564,0,4333.333333333333
YMM251225-00000031,SMF28555734,[킹댕즈 보장!]초고당도 타이벡 감귤 2025년 첫수확,일반,9.0,1,39000.0,29000.0,10000,0.2564102564102564,0,4333.333333333333
YMM251225-00000032,SMF78619818,과즙폭발 겨울의 꽃 조생 감귤,로얄과,4.5,1,19900.0,13200.0,6700,0.33668341708542715,0,4422.222222222223
YMM251225-00000033,SMF28555734,[킹댕즈 보장!]초고당도 타이벡 감귤 2025년 첫수확,일반,9.0,1,39000.0,29000.0,10000,0.2564102564102564,0,4333.333333333333
YMM251225-00000034,SMF28555734,[킹댕즈 보장!]초고당도 타이벡 감귤 2025년 첫수확,일반,4.5,1,29000.0,19000.0,10000,0.3448275862068966,0,6444.444444444444
YMM251225-00000035,SMF28555734,[킹댕즈 보장!]초고당도 타이벡 감귤 2025년 첫수확,일반,9.0,1,39000.0,29000.0,10000,0.2564102564102564,0,4333.333333333333
YMM251225-00000036,SMF28555734,[킹댕즈 보장!]초고당도 타이벡 감귤 2025년 첫수확,일반,9.0,1,39000.0,29000.0,10000,0.2564102564102564,0,4333.333333333333
YMM251225-00000037,SMF28555734,[킹댕즈 보장!]초고당도 타이벡 감귤 2025년 첫수확,일반,9.0,1,39000.0,29000.0,10000,0.2564102564102564,0,4333.333333333333
YMM251225-00000038,SMF28555734,[킹댕즈 보장!]초고당도 타이벡 감귤 2025년 첫수확,일반,4.5,1,29000.0,19000.0,10000,0.3448275862068966,0,6444.444444444444
YMM251225-00000039,SMF28555734,[킹댕즈 보장!]초고당도 타이벡 감귤 2025년 첫수확,일반,4.5,1,29000.0,19000.0,10000,0.3448275862068966,0,6444.444444444444
YMM251225-00000040,SMF28555734,[킹댕즈 보장!]초고당도 타이벡 감귤 2025년 첫수확,일반,9.0,1,39000.0,29000.0,10000,0.2564102564102564,0,4333.333333333333
YMM251225-00000041,SMF28555734,[킹댕즈 보장!]초고당도 타이벡 감귤 2025년 첫수확,일반,9.0,1,39000.0,29000.0,10000,0.2564102564102564,0,4333.333333333333
YMM251225-00000042,SMF28555734,[킹댕즈 보장!]초고당도 타이벡 감귤 2025년 첫수확,일반,9.0,1,39000.0,29000.0,10000,0.2564102564102564,0,4333.333333333333
YMM251225-00000044,SMF28555734,[킹댕즈 보장!]초고당도 타이벡 감귤 2025년 첫수확,일반,4.5,1,29000.0,19000.0,10000,0.3448275862068966,0,6444.444444444444
YMM251225-00000045,SMF28555734,[킹댕즈 보장!]초고당도 타이벡 감귤 2025년 첫수확,일반,4.5,1,29000.0,19000.0,10000,0.3448275862068966,0,6444.444444444444
YMM251225-00000046,SMF28555734,[킹댕즈 보장!]초고당도 타이벡 감귤 2025년 첫수확,일반,9.0,1,39000.0,29000.0,10000,0.2564102564102564,0,4333.333333333333
YMM251225-00000047,SMF28555734,[킹댕즈 보장!]초고당도 타이벡 감귤 2025년 첫수확,일반,9.0,2,39000.0,29000.0,20000,0.2564102564102564,0,8666.666666666666
YMM251225-00000048,SMF78619818,과즙폭발 겨울의 꽃 조생 감귤,로얄과,4.5,1,19900.0,13200.0,6700,0.33668341708542715,0,4422.222222222223
YMM251225-00000049,SMF28555734,[킹댕즈 보장!]초고당도 타이벡 감귤 2025년 첫수확,일반,9.0,1,39000.0,29000.0,10000,0.2564102564102564,0,4333.333333333333
YMM251225-00000050,SMF78619818,과즙폭발 겨울의 꽃 조생 감귤,로얄과,4.5,1,19900.0,13200.0,6700,0.33668341708542715,0,4422.222222222223
YMM251225-00000051,SMF34633170,실속만점 가정용 하우스 한라봉&레드향,중과,2.5,1,25000.0,15250.0,9750,0.39,0,10000.0
YMM251225-00000052,SMF13606317,제주산 구좌 흙당근 비세척,일반,3.0,1,15000.0,10500.0,4500,0.3,0,5000.0
YMM251225-00000053,SMF34633170,실속만점 가정용 하우스 한라봉&레드향,중과,2.5,1,32000.0,19750.0,12250,0.3828125,0,12800.0
YMM251225-00000054,SMF28555734,[킹댕즈 보장!]초고당도 타이벡 감귤 2025년 첫수확,일반,4.5,1,29000.0,19000.0,10000,0.3448275862068966,0,6444.444444444444
YMM251225-00000055,SMF14158451,초고당도 타이벡 감귤 2025년 첫수확,일반,2.5,1,29000.0,19000.0,10000,0.3448275862068966,0,11600.0
YMM251225-00000056,SMF78619818,과즙폭발 겨울의 꽃 조생 감귤,로얄과,4.5,1,19900.0,13200.0,6700,0.33668341708542715,0,4422.222222222223
YMM251225-00000059,SMF28555734,[킹댕즈 보장!]초고당도 타이벡 감귤 2025년 첫수확,일반,9.0,1,39000.0,29000.0,10000,0.2564102564102564,0,4333.333333333333
YMM251225-00000060,SMF14158451,초고당도 타이벡 감귤 2025년 첫수확,일반,4.5,1,39000.0,29000.0,10000,0.2564102564102564,0,8666.666666666666
YMM251225-00000061,SMF78619818,과즙폭발 겨울의 꽃 조생 감귤,로얄과,2.5,1,14900.0,10000.0,4900,0.3288590604026846,0,5960.0
YMM251225-00000063,SMF28555734,[킹댕즈 보장!]초고당도 타이벡 감귤 2025년 첫수확,일반,9.0,1,39000.0,29000.0,10000,0.2564102564102564,0,4333.333333333333
YMM251225-00000065,SMF28555734,[킹댕즈 보장!]초고당도 타이벡 감귤 2025년 첫수확,일반,9.0,1,39000.0,29000.0,10000,0.2564102564102564,0,4333.333333333333
YMM251225-00000066,SMF28555734,[킹댕즈 보장!]초고당도 타이벡 감귤 2025년 첫수확,일반,9.0,1,39000.0,29000.0,10000,0.2564102564102564,0,4333.333333333333
YMM251225-00000067,SMF34633170,실속만점 가정용 하우스 한라봉&레드향,중과,2.5,1,25000.0,15250.0,9750,0.39,0,10000.0
YMM251225-00000068,SMF28555734,[킹댕즈 보장!]초고당도 타이벡 감귤 2025년 첫수확,일반,9.0,1,39000.0,29000.0,10000,0.2564102564102564,0,4333.333333333333
YMM251225-00000069,SMF28555734,[킹댕즈 보장!]초고당도 타이벡 감귤 2025년 첫수확,일반,9.0,1,39000.0,29000.0,10000,0.2564102564102564,0,4333.333333333333
YMM251225-00000070,SMF28555734,[킹댕즈 보장!]초고당도 타이벡 감귤 2025년 첫수확,일반,9.0,1,39000.0,29000.0,10000,0.2564102564102564,0,4333.333333333333
YMM251225-00000071,SMF28555734,[킹댕즈 보장!]초고당도 타이벡 감귤 2025년 첫수확,일반,9.0,1,39000.0,29000.0,10000,0.2564102564102564,0,4333.333333333333
YMM251225-00000072,SMF28555734,[킹댕즈 보장!]초고당도 타이벡 감귤 2025년 첫수확,일반,9.0,1,39000.0,29000.0,10000,0.2564102564102564,0,4333.333333333333
YMM251225-00000073,SMF28555734,[킹댕즈 보장!]초고당도 타이벡 감귤 2025년 첫수확,일반,4.5,1,29000.0,19000.0,10000,0.3448275862068966,0,6444.444444444444
YMM251225-00000074,SMF34633170,실속만점 가정용 하우스 한라봉&레드향,중과,4.5,1,39000.0,24550.0,14450,0.37051282051282053,0,8666.666666666666
YMM251225-00000075,SMF28555734,[킹댕즈 보장!]초고당도 타이벡 감귤 2025년 첫수확,일반,9.0,1,39000.0,29000.0,10000,0.2564102564102564,0,4333.333333333333
YMM251225-00000077,SMF28555734,[킹댕즈 보장!]초고당도 타이벡 감귤 2025년 첫수확,일반,4.5,1,29000.0,19000.0,10000,0.3448275862068966,0,6444.444444444444
YMM251225-00000078,SMF28555734,[킹댕즈 보장!]초고당도 타이벡 감귤 2025년 첫수확,일반,9.0,1,39000.0,29000.0,10000,0.2564102564102564,0,4333.333333333333
YMM251225-00000080,SMF28555734,[킹댕즈 보장!]초고당도 타이벡 감귤 2025년 첫수확,일반,9.0,1,39000.0,29000.0,10000,0.2564102564102564,0,4333.333333333333
YMM251225-00000082,SMF28555734,[킹댕즈 보장!]초고당도 타이벡 감귤 2025년 첫수확,일반,9.0,1,39000.0,29000.0,10000,0.2564102564102564,0,4333.333333333333
YMM251225-00000083,SMF14158451,초고당도 타이벡 감귤 2025년 첫수확,일반,4.5,1,39000.0,29000.0,10000,0.2564102564102564,0,8666.666666666666
YMM251225-00000084,SMF28555734,[킹댕즈 보장!]초고당도 타이벡 감귤 2025년 첫수확,일반,9.0,1,39000.0,29000.0,10000,0.2564102564102564,0,4333.333333333333
YMM251225-00000087,SMF78619818,과즙폭발 겨울의 꽃 조생 감귤,로얄과,4.5,2,19900.0,13200.0,13400,0.33668341708542715,0,8844.444444444445
YMM251226-00000001,SMF28555734,[킹댕즈 보장!]초고당도 타이벡 감귤 2025년 첫수확,일반,4.5,1,29000.0,19000.0,10000,0.3448275862068966,0,6444.444444444444
YMM251226-00000002,SMF28555734,[킹댕즈 보장!]초고당도 타이벡 감귤 2025년 첫수확,일반,4.5,1,29000.0,19000.0,10000,0.3448275862068966,0,6444.444444444444
YMM251226-00000003,SMF28555734,[킹댕즈 보장!]초고당도 타이벡 감귤 2025년 첫수확,일반,4.5,1,29000.0,19000.0,10000,0.3448275862068966,0,6444.444444444444
YMM251226-00000004,SMF28555734,[킹댕즈 보장!]초고당도 타이벡 감귤 2025년 첫수확,일반,9.0,1,39000.0,29000.0,10000,0.2564102564102564,0,4333.333333333333
YMM251226-00000005,SMF28555734,[킹댕즈 보장!]초고당도 타이벡 감귤 2025년 첫수확,일반,9.0,1,39000.0,29000.0,10000,0.2564102564102564,0,4333.333333333333
YMM251226-00000006,SMF28555734,[킹댕즈 보장!]초고당도 타이벡 감귤 2025년 첫수확,일반,4.5,1,29000.0,19000.0,10000,0.3448275862068966,0,6444.444444444444
YMM251226-00000007,SMF28555734,[킹댕즈 보장!]초고당도 타이벡 감귤 2025년 첫수확,일반,9.0,1,39000.0,29000.0,10000,0.2564102564102564,0,4333.333333333333
YMM251226-00000008,SMF28555734,[킹댕즈 보장!]초고당도 타이벡 감귤 2025년 첫수확,일반,9.0,1,39000.0,29000.0,10000,0.2564102564102564,0,4333.333333333333
YMM251226-00000009,SMF28555734,[킹댕즈 보장!]초고당도 타이벡 감귤 2025년 첫수확,일반,9.0,1,39000.0,29000.0,10000,0.2564102564102564,0,4333.333333333333
YMM251226-00000010,SMF28555734,[킹댕즈 보장!]초고당도 타이벡 감귤 2025년 첫수확,일반,4.5,1,29000.0,19000.0,10000,0.3448275862068966,0,6444.444444444444
YMM251226-00000011,SMF28555734,[킹댕즈 보장!]초고당도 타이벡 감귤 2025년 첫수확,일반,4.5,1,29000.0,19000.0,10000,0.3448275862068966,0,6444.444444444444
YMM251226-00000012,SMF28555734,[킹댕즈 보장!]초고당도 타이벡 감귤 2025년 첫수확,일반,9.0,1,39000.0,29000.0,10000,0.2564102564102564,0,4333.333333333333
YMM251226-00000013,SMF28555734,[킹댕즈 보장!]초고당도 타이벡 감귤 2025년 첫수확,일반,4.5,1,29000.0,19000.0,10000,0.3448275862068966,0,6444.444444444444
YMM251226-00000014,SMF28555734,[킹댕즈 보장!]초고당도 타이벡 감귤 2025년 첫수확,일반,9.0,1,39000.0,29000.0,10000,0.2564102564102564,0,4333.333333333333
YMM251226-00000015,SMF28555734,[킹댕즈 보장!]초고당도 타이벡 감귤 2025년 첫수확,일반,4.5,1,29000.0,19000.0,10000,0.3448275862068966,0,6444.444444444444
YMM251226-00000016,SMF28555734,[킹댕즈 보장!]초고당도 타이벡 감귤 2025년 첫수확,일반,9.0,1,39000.0,29000.0,10000,0.2564102564102564,0,4333.333333333333
YMM251226-00000017,SMF28555734,[킹댕즈 보장!]초고당도 타이벡 감귤 2025년 첫수확,일반,9.0,1,39000.0,29000.0,10000,0.2564102564102564,0,4333.333333333333
YMM251226-00000018,SMF28555734,[킹댕즈 보장!]초고당도 타이벡 감귤 2025년 첫수확,일반,9.0,1,39000.0,29000.0,10000,0.2564102564102564,0,4333.333333333333
YMM251226-00000019,SMF28555734,[킹댕즈 보장!]초고당도 타이벡 감귤 2025년 첫수확,일반,4.5,1,29000.0,19000.0,10000,0.3448275862068966,0,6444.444444444444
YMM251226-00000020,SMF28555734,[킹댕즈 보장!]초고당도 타이벡 감귤 2025년 첫수확,일반,9.0,1,39000.0,29000.0,10000,0.2564102564102564,0,4333.333333333333
YMM251226-00000021,SMF28555734,[킹댕즈 보장!]초고당도 타이벡 감귤 2025년 첫수확,일반,4.5,1,29000.0,19000.0,10000,0.3448275862068966,0,6444.444444444444
YMM251226-00000022,SMF28555734,[킹댕즈 보장!]초고당도 타이벡 감귤 2025년 첫수확,일반,4.5,1,29000.0,19000.0,10000,0.3448275862068966,0,6444.444444444444
YMM251226-00000023,SMF28555734,[킹댕즈 보장!]초고당도 타이벡 감귤 2025년 첫수확,일반,9.0,1,39000.0,29000.0,10000,0.2564102564102564,0,4333.333333333333
YMM251226-00000024,SMF28555734,[킹댕즈 보장!]초고당도 타이벡 감귤 2025년 첫수확,일반,9.0,1,39000.0,29000.0,10000,0.2564102564102564,0,4333.333333333333
YMM251226-00000025,SMF34633170,실속만점 가정용 하우스 한라봉&레드향,중과,2.5,1,32000.0,19750.0,12250,0.3828125,0,12800.0
YMM251226-00000026,SMF28555734,[킹댕즈 보장!]초고당도 타이벡 감귤 2025년 첫수확,일반,9.0,1,39000.0,29000.0,10000,0.2564102564102564,0,4333.333333333333
YMM251226-00000027,SMF14158451,초고당도 타이벡 감귤 2025년 첫수확,일반,2.5,2,29000.0,19000.0,20000,0.3448275862068966,0,23200.0
YMM251226-00000029,SMF13606317,제주산 구좌 흙당근 비세척,일반,3.0,1,14000.0,9500.0,4500,0.32142857142857145,0,4666.666666666667
YMM251226-00000030,SMF28555734,[킹댕즈 보장!]초고당도 타이벡 감귤 2025년 첫수확,일반,4.5,1,29000.0,19000.0,10000,0.3448275862068966,0,6444.444444444444
YMM251226-00000031,SMF28555734,[킹댕즈 보장!]초고당도 타이벡 감귤 2025년 첫수확,일반,9.0,1,39000.0,29000.0,10000,0.2564102564102564,0,4333.333333333333
YMM251226-00000032,SMF14158451,초고당도 타이벡 감귤 2025년 첫수확,일반,2.5,1,29000.0,19000.0,10000,0.3448275862068966,0,11600.0
YMM251226-00000033,SMF28555734,[킹댕즈 보장!]초고당도 타이벡 감귤 2025년 첫수확,일반,4.5,1,29000.0,19000.0,10000,0.3448275862068966,0,6444.444444444444
YMM251226-00000034,SMF78619818,과즙폭발 겨울의 꽃 조생 감귤,로얄과,4.5,1,19900.0,13200.0,6700,0.33668341708542715,0,4422.222222222223
YMM251226-00000035,SMF34633170,실속만점 가정용 하우스 한라봉&레드향,중과,2.5,1,32000.0,19750.0,12250,0.3828125,0,12800.0
YMM251226-00000036,SMF34633170,실속만점 가정용 하우스 한라봉&레드향,대과,4.5,1,42500.0,26800.0,15700,0.36941176470588233,0,9444.444444444445
YMM251226-00000037,SMF78619818,과즙폭발 겨울의 꽃 조생 감귤,로얄과,4.5,1,19900.0,13200.0,6700,0.33668341708542715,0,4422.222222222223
YMM251226-00000039,SMF28555734,[킹댕즈 보장!]초고당도 타이벡 감귤 2025년 첫수확,일반,4.5,1,29000.0,19000.0,10000,0.3448275862068966,0,6444.444444444444
YMM251226-00000040,SMF34633170,실속만점 가정용 하우스 한라봉&레드향,중과,4.5,1,51000.0,32650.0,18350,0.35980392156862745,0,11333.333333333334
YMM251226-00000041,SMF34633170,실속만점 가정용 하우스 한라봉&레드향,중과,4.5,1,51000.0,32650.0,18350,0.35980392156862745,0,11333.333333333334
YMM251226-00000042,SMF34633170,실속만점 가정용 하우스 한라봉&레드향,중과,4.5,1,51000.0,32650.0,18350,0.35980392156862745,0,11333.333333333334
YMM251226-00000043,SMF13606317,제주산 구좌 흙당근 비세척,일반,3.0,1,14000.0,9500.0,4500,0.32142857142857145,0,4666.666666666667
YMM251226-00000044,SMF34633170,실속만점 가정용 하우스 한라봉&레드향,중과,4.5,1,51000.0,32650.0,18350,0.35980392156862745,0,11333.333333333334
YMM251226-00000045,SMF34633170,실속만점 가정용 하우스 한라봉&레드향,중과,4.5,1,51000.0,32650.0,18350,0.35980392156862745,0,11333.333333333334
YMM251226-00000046,SMF28555734,[킹댕즈 보장!]초고당도 타이벡 감귤 2025년 첫수확,일반,4.5,2,29000.0,19000.0,20000,0.3448275862068966,0,12888.888888888889
YMM251226-00000047,SMF34633170,실속만점 가정용 하우스 한라봉&레드향,중과,4.5,1,51000.0,32650.0,18350,0.35980392156862745,0,11333.333333333334
YMM251226-00000048,SMF34633170,실속만점 가정용 하우스 한라봉&레드향,중과,4.5,1,51000.0,32650.0,18350,0.35980392156862745,0,11333.333333333334
YMM251226-00000049,SMF28555734,[킹댕즈 보장!]초고당도 타이벡 감귤 2025년 첫수확,일반,9.0,1,39000.0,29000.0,10000,0.2564102564102564,0,4333.333333333333
YMM251226-00000050,SMF34633170,실속만점 가정용 하우스 한라봉&레드향,중과,4.5,1,51000.0,32650.0,18350,0.35980392156862745,0,11333.333333333334
YMM251226-00000051,SMF34633170,실속만점 가정용 하우스 한라봉&레드향,중과,4.5,1,51000.0,32650.0,18350,0.35980392156862745,0,11333.333333333334
YMM251226-00000053,SMF28555734,[킹댕즈 보장!]초고당도 타이벡 감귤 2025년 첫수확,일반,4.5,1,29000.0,19000.0,10000,0.3448275862068966,0,6444.444444444444
YMM251226-00000054,SMF28555734,[킹댕즈 보장!]초고당도 타이벡 감귤 2025년 첫수확,일반,9.0,1,39000.0,29000.0,10000,0.2564102564102564,0,4333.333333333333
YMM251226-00000055,SMF14158451,초고당도 타이벡 감귤 2025년 첫수확,일반,4.5,1,39000.0,29000.0,10000,0.2564102564102564,0,8666.666666666666
YMM251226-00000056,SMF14158451,초고당도 타이벡 감귤 2025년 첫수확,일반,4.5,1,39000.0,29000.0,10000,0.2564102564102564,0,8666.666666666666
YMM251226-00000057,SMF28555734,[킹댕즈 보장!]초고당도 타이벡 감귤 2025년 첫수확,일반,4.5,1,29000.0,19000.0,10000,0.3448275862068966,0,6444.444444444444
YMM251226-00000058,SMF28555734,[킹댕즈 보장!]초고당도 타이벡 감귤 2025년 첫수확,일반,9.0,1,39000.0,29000.0,10000,0.2564102564102564,0,4333.333333333333
YMM251226-00000059,SMF14158451,초고당도 타이벡 감귤 2025년 첫수확,일반,4.5,1,39000.0,29000.0,10000,0.2564102564102564,0,8666.666666666666
YMM251226-00000060,SMF14158451,초고당도 타이벡 감귤 2025년 첫수확,일반,4.5,1,39000.0,29000.0,10000,0.2564102564102564,0,8666.666666666666
YMM251226-00000061,SMF28555734,[킹댕즈 보장!]초고당도 타이벡 감귤 2025년 첫수확,일반,9.0,1,39000.0,29000.0,10000,0.2564102564102564,0,4333.333333333333
YMM251226-00000062,SMF28555734,[킹댕즈 보장!]초고당도 타이벡 감귤 2025년 첫수확,일반,9.0,1,39000.0,29000.0,10000,0.2564102564102564,0,4333.333333333333
YMM251226-00000063,SMF28555734,[킹댕즈 보장!]초고당도 타이벡 감귤 2025년 첫수확,일반,4.5,1,29000.0,19000.0,10000,0.3448275862068966,0,6444.444444444444
YMM251226-00000067,SMF78619818,과즙폭발 겨울의 꽃 조생 감귤,로얄과,4.5,1,19900.0,13200.0,6700,0.33668341708542715,0,4422.222222222223
YMM251226-00000068,SMF28555734,[킹댕즈 보장!]초고당도 타이벡 감귤 2025년 첫수확,일반,4.5,1,29000.0,19000.0,10000,0.3448275862068966,0,6444.444444444444
YMM251226-00000069,SMF28555734,[킹댕즈 보장!]초고당도 타이벡 감귤 2025년 첫수확,일반,4.5,1,29000.0,19000.0,10000,0.3448275862068966,0,6444.444444444444
YMM251226-00000070,SMF34633170,실속만점 가정용 하우스 한라봉&레드향,중과,2.5,1,25000.0,15250.0,9750,0.39,0,10000.0
YMM251226-00000071,SMF28555734,[킹댕즈 보장!]초고당도 타이벡 감귤 2025년 첫수확,일반,4.5,1,29000.0,19000.0,10000,0.3448275862068966,0,6444.444444444444
YMM251226-00000072,SMF14158451,초고당도 타이벡 감귤 2025년 첫수확,일반,4.5,1,39000.0,29000.0,10000,0.2564102564102564,0,8666.666666666666
YMM251226-00000073,SMF28555734,[킹댕즈 보장!]초고당도 타이벡 감귤 2025년 첫수확,일반,9.0,1,39000.0,29000.0,10000,0.2564102564102564,0,4333.333333333333
YMM251226-00000074,SMF28555734,[킹댕즈 보장!]초고당도 타이벡 감귤 2025년 첫수확,일반,4.5,1,29000.0,19000.0,10000,0.3448275862068966,0,6444.444444444444
YMM251226-00000075,SMF14158451,초고당도 타이벡 감귤 2025년 첫수확,일반,2.5,3,29000.0,19000.0,30000,0.3448275862068966,0,34800.0
YMM251226-00000077,SMF28555734,[킹댕즈 보장!]초고당도 타이벡 감귤 2025년 첫수확,일반,4.5,1,29000.0,19000.0,10000,0.3448275862068966,0,6444.444444444444
YMM251226-00000078,SMF34633170,실속만점 가정용 하우스 한라봉&레드향,중과,2.5,1,25000.0,15250.0,9750,0.39,0,10000.0
YMM251226-00000079,SMF28555734,[킹댕즈 보장!]초고당도 타이벡 감귤 2025년 첫수확,일반,9.0,1,39000.0,29000.0,10000,0.2564102564102564,0,4333.333333333333
YMM251226-00000080,SMF28555734,[킹댕즈 보장!]초고당도 타이벡 감귤 2025년 첫수확,일반,9.0,1,39000.0,29000.0,10000,0.2564102564102564,0,4333.333333333333
YMM251226-00000084,SMF28555734,[킹댕즈 보장!]초고당도 타이벡 감귤 2025년 첫수확,일반,9.0,1,39000.0,29000.0,10000,0.2564102564102564,0,4333.333333333333
YMM251226-00000085,SMF28555734,[킹댕즈 보장!]초고당도 타이벡 감귤 2025년 첫수확,일반,4.5,1,29000.0,19000.0,10000,0.3448275862068966,0,6444.444444444444
YMM251226-00000087,SMF28555734,[킹댕즈 보장!]초고당도 타이벡 감귤 2025년 첫수확,일반,4.5,1,29000.0,19000.0,10000,0.3448275862068966,0,6444.444444444444
YMM251226-00000088,SMF78619818,과즙폭발 겨울의 꽃 조생 감귤,로얄과,4.5,1,19900.0,13200.0,6700,0.33668341708542715,0,4422.222222222223
YMM251226-00000089,SMF28555734,[킹댕즈 보장!]초고당도 타이벡 감귤 2025년 첫수확,일반,4.5,1,29000.0,19000.0,10000,0.3448275862068966,0,6444.444444444444
YMM251226-00000090,SMF28555734,[킹댕즈 보장!]초고당도 타이벡 감귤 2025년 첫수확,일반,9.0,1,39000.0,29000.0,10000,0.2564102564102564,0,4333.333333333333
YMM251226-00000091,SMF28555734,[킹댕즈 보장!]초고당도 타이벡 감귤 2025년 첫수확,일반,4.5,1,29000.0,19000.0,10000,0.3448275862068966,0,6444.444444444444
YMM251226-00000092,SMF28555734,[킹댕즈 보장!]초고당도 타이벡 감귤 2025년 첫수확,일반,9.0,1,39000.0,29000.0,10000,0.2564102564102564,0,4333.333333333333
YMM251226-00000093,SMF28555734,[킹댕즈 보장!]초고당도 타이벡 감귤 2025년 첫수확,일반,4.5,1,29000.0,19000.0,10000,0.3448275862068966,0,6444.444444444444
YMM251226-00000094,SMF28555734,[킹댕즈 보장!]초고당도 타이벡 감귤 2025년 첫수확,일반,9.0,2,39000.0,29000.0,20000,0.2564102564102564,0,8666.666666666666
YMM251226-00000095,SMF28555734,[킹댕즈 보장!]초고당도 타이벡 감귤 2025년 첫수확,일반,4.5,1,29000.0,19000.0,10000,0.3448275862068966,0,6444.444444444444
YMM251226-00000096,SMF28555734,[킹댕즈 보장!]초고당도 타이벡 감귤 2025년 첫수확,일반,9.0,1,39000.0,29000.0,10000,0.2564102564102564,0,4333.333333333333
YMM251226-00000097,SMF28555734,[킹댕즈 보장!]초고당도 타이벡 감귤 2025년 첫수확,일반,4.5,2,29000.0,19000.0,20000,0.3448275862068966,0,12888.888888888889
YMM251226-00000098,SMF79565974,"해남 꿀고구마, 베니하루카 품종 포슬포슬",일반,2.0,1,11500.0,7200.0,4300,0.3739130434782609,0,5750.0
YMM251226-00000099,SMF78619818,과즙폭발 겨울의 꽃 조생 감귤,로얄과,4.5,1,19900.0,13200.0,6700,0.33668341708542715,0,4422.222222222223
YMM251226-00000100,SMF28555734,[킹댕즈 보장!]초고당도 타이벡 감귤 2025년 첫수확,일반,4.5,1,29000.0,19000.0,10000,0.3448275862068966,0,6444.444444444444
YMM251226-00000102,SMF28555734,[킹댕즈 보장!]초고당도 타이벡 감귤 2025년 첫수확,일반,9.0,2,39000.0,29000.0,20000,0.2564102564102564,0,8666.666666666666
YMM251226-00000103,SMF78619818,과즙폭발 겨울의 꽃 조생 감귤,로얄과,4.5,1,19900.0,13200.0,6700,0.33668341708542715,0,4422.222222222223
YMM251226-00000104,SMF28555734,[킹댕즈 보장!]초고당도 타이벡 감귤 2025년 첫수확,일반,9.0,1,39000.0,29000.0,10000,0.2564102564102564,0,4333.333333333333
YMM251226-00000105,SMF28555734,[킹댕즈 보장!]초고당도 타이벡 감귤 2025년 첫수확,일반,9.0,1,39000.0,29000.0,10000,0.2564102564102564,0,4333.333333333333
YMM251226-00000106,SMF28555734,[킹댕즈 보장!]초고당도 타이벡 감귤 2025년 첫수확,일반,9.0,1,39000.0,29000.0,10000,0.2564102564102564,0,4333.333333333333
YMM251226-00000107,SMF28555734,[킹댕즈 보장!]초고당도 타이벡 감귤 2025년 첫수확,일반,4.5,1,29000.0,19000.0,10000,0.3448275862068966,0,6444.444444444444
YMM251226-00000108,SMF28555734,[킹댕즈 보장!]초고당도 타이벡 감귤 2025년 첫수확,일반,4.5,1,29000.0,19000.0,10000,0.3448275862068966,0,6444.444444444444
YMM251226-00000110,SMF78619818,과즙폭발 겨울의 꽃 조생 감귤,로얄과,4.5,1,19900.0,13200.0,6700,0.33668341708542715,0,4422.222222222223
YMM251226-00000111,SMF28555734,[킹댕즈 보장!]초고당도 타이벡 감귤 2025년 첫수확,일반,4.5,1,29000.0,19000.0,10000,0.3448275862068966,0,6444.444444444444
YMM251226-00000112,SMF28555734,[킹댕즈 보장!]초고당도 타이벡 감귤 2025년 첫수확,일반,4.5,1,29000.0,19000.0,10000,0.3448275862068966,0,6444.444444444444
YMM251226-00000113,SMF28555734,[킹댕즈 보장!]초고당도 타이벡 감귤 2025년 첫수확,일반,9.0,1,39000.0,29000.0,10000,0.2564102564102564,0,4333.333333333333
YMM251227-00000001,SMF28555734,[킹댕즈 보장!]초고당도 타이벡 감귤 2025년 첫수확,일반,4.5,1,29000.0,19000.0,10000,0.3448275862068966,0,6444.444444444444
YMM251227-00000002,SMF28555734,[킹댕즈 보장!]초고당도 타이벡 감귤 2025년 첫수확,일반,4.5,1,29000.0,19000.0,10000,0.3448275862068966,0,6444.444444444444
YMM251227-00000003,SMF28555734,[킹댕즈 보장!]초고당도 타이벡 감귤 2025년 첫수확,일반,4.5,1,29000.0,19000.0,10000,0.3448275862068966,0,6444.444444444444
YMM251227-00000004,SMF28555734,[킹댕즈 보장!]초고당도 타이벡 감귤 2025년 첫수확,일반,9.0,1,39000.0,29000.0,10000,0.2564102564102564,0,4333.333333333333
YMM251227-00000005,SMF28555734,[킹댕즈 보장!]초고당도 타이벡 감귤 2025년 첫수확,일반,9.0,1,39000.0,29000.0,10000,0.2564102564102564,0,4333.333333333333
YMM251227-00000006,SMF28555734,[킹댕즈 보장!]초고당도 타이벡 감귤 2025년 첫수확,일반,9.0,1,39000.0,29000.0,10000,0.2564102564102564,0,4333.333333333333
YMM251227-00000007,SMF28555734,[킹댕즈 보장!]초고당도 타이벡 감귤 2025년 첫수확,일반,9.0,1,39000.0,29000.0,10000,0.2564102564102564,0,4333.333333333333
YMM251227-00000008,SMF28555734,[킹댕즈 보장!]초고당도 타이벡 감귤 2025년 첫수확,일반,9.0,1,39000.0,29000.0,10000,0.2564102564102564,0,4333.333333333333
YMM251227-00000009,SMF14158451,초고당도 타이벡 감귤 2025년 첫수확,일반,4.5,1,39000.0,29000.0,10000,0.2564102564102564,0,8666.666666666666
YMM251227-00000010,SMF34633170,실속만점 가정용 하우스 한라봉&레드향,중과,4.5,1,51000.0,32650.0,18350,0.35980392156862745,0,11333.333333333334
YMM251227-00000011,SMF14158451,초고당도 타이벡 감귤 2025년 첫수확,일반,4.5,1,39000.0,29000.0,10000,0.2564102564102564,0,8666.666666666666
YMM251227-00000012,SMF28555734,[킹댕즈 보장!]초고당도 타이벡 감귤 2025년 첫수확,일반,9.0,1,39000.0,29000.0,10000,0.2564102564102564,0,4333.333333333333
YMM251227-00000013,SMF28555734,[킹댕즈 보장!]초고당도 타이벡 감귤 2025년 첫수확,일반,4.5,1,29000.0,19000.0,10000,0.3448275862068966,0,6444.444444444444
YMM251227-00000014,SMF28555734,[킹댕즈 보장!]초고당도 타이벡 감귤 2025년 첫수확,일반,9.0,1,39000.0,29000.0,10000,0.2564102564102564,0,4333.333333333333
YMM251227-00000015,SMF28555734,[킹댕즈 보장!]초고당도 타이벡 감귤 2025년 첫수확,일반,4.5,1,29000.0,19000.0,10000,0.3448275862068966,0,6444.444444444444
YMM251227-00000016,SMF28555734,[킹댕즈 보장!]초고당도 타이벡 감귤 2025년 첫수확,일반,9.0,1,39000.0,29000.0,10000,0.2564102564102564,0,4333.333333333333
YMM251227-00000018,SMF28555734,[킹댕즈 보장!]초고당도 타이벡 감귤 2025년 첫수확,일반,4.5,1,29000.0,19000.0,10000,0.3448275862068966,0,6444.444444444444
YMM251227-00000019,SMF13606317,제주산 구좌 흙당근 비세척,일반,3.0,1,14000.0,9500.0,4500,0.32142857142857145,0,4666.666666666667
YMM251227-00000020,SMF78619818,과즙폭발 겨울의 꽃 조생 감귤,로얄과,2.5,1,14900.0,10000.0,4900,0.3288590604026846,0,5960.0
YMM251227-00000021,SMF78619818,과즙폭발 겨울의 꽃 조생 감귤,로얄과,4.5,1,19900.0,13200.0,6700,0.33668341708542715,0,4422.222222222223
YMM251227-00000022,SMF28555734,[킹댕즈 보장!]초고당도 타이벡 감귤 2025년 첫수확,일반,4.5,1,29000.0,19000.0,10000,0.3448275862068966,0,6444.444444444444
YMM251227-00000024,SMF28555734,[킹댕즈 보장!]초고당도 타이벡 감귤 2025년 첫수확,일반,9.0,1,39000.0,29000.0,10000,0.2564102564102564,0,4333.333333333333
YMM251227-00000025,SMF28555734,[킹댕즈 보장!]초고당도 타이벡 감귤 2025년 첫수확,일반,4.5,1,29000.0,19000.0,10000,0.3448275862068966,0,6444.444444444444
YMM251227-00000026,SMF28555734,[킹댕즈 보장!]초고당도 타이벡 감귤 2025년 첫수확,일반,4.5,1,29000.0,19000.0,10000,0.3448275862068966,0,6444.444444444444
YMM251227-00000027,SMF28555734,[킹댕즈 보장!]초고당도 타이벡 감귤 2025년 첫수확,일반,9.0,1,39000.0,29000.0,10000,0.2564102564102564,0,4333.333333333333
YMM251227-00000028,SMF34633170,실속만점 가정용 하우스 한라봉&레드향,대과,2.5,1,26500.0,16500.0,10000,0.37735849056603776,0,10600.0
YMM251227-00000029,SMF79565974,"해남 꿀고구마, 베니하루카 품종 포슬포슬",일반,5.0,1,22500.0,14100.0,8400,0.37333333333333335,0,4500.0
YMM251227-00000030,SMF34633170,실속만점 가정용 하우스 한라봉&레드향,대과,2.5,1,26500.0,16500.0,10000,0.37735849056603776,0,10600.0
YMM251227-00000032,SMF34633170,실속만점 가정용 하우스 한라봉&레드향,중과,4.5,1,51000.0,32650.0,18350,0.35980392156862745,0,11333.333333333334
YMM251227-00000033,SMF34633170,실속만점 가정용 하우스 한라봉&레드향,중과,2.5,1,25000.0,15250.0,9750,0.39,0,10000.0
YMM251227-00000034,SMF28555734,[킹댕즈 보장!]초고당도 타이벡 감귤 2025년 첫수확,일반,9.0,1,39000.0,29000.0,10000,0.2564102564102564,0,4333.333333333333
YMM251227-00000035,SMF79565974,"해남 꿀고구마, 베니하루카 품종 포슬포슬",일반,2.0,1,12000.0,7400.0,4600,0.38333333333333336,0,6000.0
YMM251227-00000037,SMF28555734,[킹댕즈 보장!]초고당도 타이벡 감귤 2025년 첫수확,일반,9.0,1,39000.0,29000.0,10000,0.2564102564102564,0,4333.333333333333
YMM251227-00000038,SMF28555734,[킹댕즈 보장!]초고당도 타이벡 감귤 2025년 첫수확,일반,9.0,1,39000.0,29000.0,10000,0.2564102564102564,0,4333.333333333333
YMM251227-00000039,SMF14158451,초고당도 타이벡 감귤 2025년 첫수확,일반,2.5,1,29000.0,19000.0,10000,0.3448275862068966,0,11600.0
YMM251227-00000040,SMF28555734,[킹댕즈 보장!]초고당도 타이벡 감귤 2025년 첫수확,일반,4.5,1,29000.0,19000.0,10000,0.3448275862068966,0,6444.444444444444
YMM251227-00000041,SMF14158451,초고당도 타이벡 감귤 2025년 첫수확,일반,4.5,1,39000.0,29000.0,10000,0.2564102564102564,0,8666.666666666666
YMM251227-00000042,SMF28555734,[킹댕즈 보장!]초고당도 타이벡 감귤 2025년 첫수확,일반,4.5,1,29000.0,19000.0,10000,0.3448275862068966,0,6444.444444444444
YMM251227-00000043,SMF28555734,[킹댕즈 보장!]초고당도 타이벡 감귤 2025년 첫수확,일반,4.5,1,29000.0,19000.0,10000,0.3448275862068966,0,6444.444444444444
YMM251227-00000044,SMF28555734,[킹댕즈 보장!]초고당도 타이벡 감귤 2025년 첫수확,일반,9.0,1,39000.0,29000.0,10000,0.2564102564102564,0,4333.333333333333
YMM251227-00000046,SMF28555734,[킹댕즈 보장!]초고당도 타이벡 감귤 2025년 첫수확,일반,4.5,1,29000.0,19000.0,10000,0.3448275862068966,0,6444.444444444444
YMM251227-00000049,SMF28555734,[킹댕즈 보장!]초고당도 타이벡 감귤 2025년 첫수확,일반,4.5,1,29000.0,19000.0,10000,0.3448275862068966,0,6444.444444444444
YMM251227-00000051,SMF34633170,실속만점 가정용 하우스 한라봉&레드향,소과,2.5,1,22000.0,14000.0,8000,0.36363636363636365,0,8800.0
YMM251227-00000052,SMF28555734,[킹댕즈 보장!]초고당도 타이벡 감귤 2025년 첫수확,일반,9.0,1,39000.0,29000.0,10000,0.2564102564102564,0,4333.333333333333
YMM251227-00000054,SMF28555734,[킹댕즈 보장!]초고당도 타이벡 감귤 2025년 첫수확,일반,9.0,1,39000.0,29000.0,10000,0.2564102564102564,0,4333.333333333333
YMM251227-00000055,SMF28555734,[킹댕즈 보장!]초고당도 타이벡 감귤 2025년 첫수확,일반,9.0,1,39000.0,29000.0,10000,0.2564102564102564,0,4333.333333333333
YMM251227-00000056,SMF28555734,[킹댕즈 보장!]초고당도 타이벡 감귤 2025년 첫수확,일반,9.0,1,39000.0,29000.0,10000,0.2564102564102564,0,4333.333333333333
YMM251227-00000058,SMF28555734,[킹댕즈 보장!]초고당도 타이벡 감귤 2025년 첫수확,일반,9.0,3,39000.0,29000.0,30000,0.2564102564102564,0,13000.0
YMM251227-00000060,SMF34633170,실속만점 가정용 하우스 한라봉&레드향,소과,4.5,1,50000.0,31300.0,18700,0.374,0,11111.111111111111
YMM251227-00000061,SMF28555734,[킹댕즈 보장!]초고당도 타이벡 감귤 2025년 첫수확,일반,4.5,1,29000.0,19000.0,10000,0.3448275862068966,0,6444.444444444444
YMM251227-00000062,SMF28555734,[킹댕즈 보장!]초고당도 타이벡 감귤 2025년 첫수확,일반,9.0,1,39000.0,29000.0,10000,0.2564102564102564,0,4333.333333333333
YMM251227-00000063,SMF28555734,[킹댕즈 보장!]초고당도 타이벡 감귤 2025년 첫수확,일반,4.5,1,29000.0,19000.0,10000,0.3448275862068966,0,6444.444444444444
YMM251227-00000064,SMF28555734,[킹댕즈 보장!]초고당도 타이벡 감귤 2025년 첫수확,일반,9.0,1,39000.0,29000.0,10000,0.2564102564102564,0,4333.333333333333
YMM251227-00000065,SMF34633170,실속만점 가정용 하우스 한라봉&레드향,대과,2.5,1,26500.0,16500.0,10000,0.37735849056603776,0,10600.0
YMM251227-00000066,SMF28555734,[킹댕즈 보장!]초고당도 타이벡 감귤 2025년 첫수확,일반,9.0,1,39000.0,29000.0,10000,0.2564102564102564,0,4333.333333333333
YMM251228-00000001,SMF28555734,[킹댕즈 보장!]초고당도 타이벡 감귤 2025년 첫수확,일반,4.5,1,29000.0,19000.0,10000,0.3448275862068966,0,6444.444444444444
YMM251228-00000002,SMF28555734,[킹댕즈 보장!]초고당도 타이벡 감귤 2025년 첫수확,일반,9.0,1,39000.0,29000.0,10000,0.2564102564102564,0,4333.333333333333
YMM251228-00000003,SMF28555734,[킹댕즈 보장!]초고당도 타이벡 감귤 2025년 첫수확,일반,9.0,1,39000.0,29000.0,10000,0.2564102564102564,0,4333.333333333333
YMM251228-00000004,SMF28555734,[킹댕즈 보장!]초고당도 타이벡 감귤 2025년 첫수확,일반,4.5,1,29000.0,19000.0,10000,0.3448275862068966,0,6444.444444444444
YMM251228-00000005,SMF28555734,[킹댕즈 보장!]초고당도 타이벡 감귤 2025년 첫수확,일반,9.0,1,39000.0,29000.0,10000,0.2564102564102564,0,4333.333333333333
YMM251228-00000006,SMF28555734,[킹댕즈 보장!]초고당도 타이벡 감귤 2025년 첫수확,일반,9.0,1,39000.0,29000.0,10000,0.2564102564102564,0,4333.333333333333
YMM251228-00000007,SMF78619818,과즙폭발 겨울의 꽃 조생 감귤,로얄과,2.5,1,14900.0,10000.0,4900,0.3288590604026846,0,5960.0
YMM251228-00000008,SMF79565974,"해남 꿀고구마, 베니하루카 품종 포슬포슬",일반,5.0,1,22500.0,13600.0,8900,0.39555555555555555,0,4500.0
YMM251228-00000010,SMF14158451,초고당도 타이벡 감귤 2025년 첫수확,일반,4.5,1,39000.0,29000.0,10000,0.2564102564102564,0,8666.666666666666
YMM251228-00000011,SMF79565974,"해남 꿀고구마, 베니하루카 품종 포슬포슬",일반,2.0,1,11500.0,7200.0,4300,0.3739130434782609,0,5750.0
YMM251228-00000012,SMF34633170,실속만점 가정용 하우스 한라봉&레드향,중과,4.5,1,51000.0,32650.0,18350,0.35980392156862745,0,11333.333333333334
YMM251228-00000013,SMF28555734,[킹댕즈 보장!]초고당도 타이벡 감귤 2025년 첫수확,일반,9.0,1,39000.0,29000.0,10000,0.2564102564102564,0,4333.333333333333
YMM251228-00000014,SMF34633170,실속만점 가정용 하우스 한라봉&레드향,대과,2.5,1,33000.0,20500.0,12500,0.3787878787878788,0,13200.0
YMM251228-00000015,SMF28555734,[킹댕즈 보장!]초고당도 타이벡 감귤 2025년 첫수확,일반,4.5,1,29000.0,19000.0,10000,0.3448275862068966,0,6444.444444444444
YMM251228-00000016,SMF28555734,[킹댕즈 보장!]초고당도 타이벡 감귤 2025년 첫수확,일반,9.0,1,39000.0,29000.0,10000,0.2564102564102564,0,4333.333333333333
YMM251228-00000017,SMF28555734,[킹댕즈 보장!]초고당도 타이벡 감귤 2025년 첫수확,일반,9.0,1,39000.0,29000.0,10000,0.2564102564102564,0,4333.333333333333
YMM251228-00000018,SMF14158451,초고당도 타이벡 감귤 2025년 첫수확,일반,2.5,2,29000.0,19000.0,20000,0.3448275862068966,0,23200.0
YMM251228-00000019,SMF14158451,초고당도 타이벡 감귤 2025년 첫수확,일반,2.5,1,29000.0,19000.0,10000,0.3448275862068966,0,11600.0
YMM251228-00000020,SMF28555734,[킹댕즈 보장!]초고당도 타이벡 감귤 2025년 첫수확,일반,9.0,1,39000.0,29000.0,10000,0.2564102564102564,0,4333.333333333333
YMM251228-00000021,SMF28555734,[킹댕즈 보장!]초고당도 타이벡 감귤 2025년 첫수확,일반,4.5,1,29000.0,19000.0,10000,0.3448275862068966,0,6444.444444444444
YMM251228-00000022,SMF34633170,실속만점 가정용 하우스 한라봉&레드향,소과,2.5,1,31000.0,19000.0,12000,0.3870967741935484,0,12400.0
YMM251228-00000023,SMF14158451,초고당도 타이벡 감귤 2025년 첫수확,일반,2.5,1,29000.0,19000.0,10000,0.3448275862068966,0,11600.0
YMM251228-00000024,SMF28555734,[킹댕즈 보장!]초고당도 타이벡 감귤 2025년 첫수확,일반,9.0,1,39000.0,29000.0,10000,0.2564102564102564,0,4333.333333333333
YMM251228-00000025,SMF28555734,[킹댕즈 보장!]초고당도 타이벡 감귤 2025년 첫수확,일반,4.5,1,29000.0,19000.0,10000,0.3448275862068966,0,6444.444444444444
YMM251228-00000026,SMF78619818,과즙폭발 겨울의 꽃 조생 감귤,로얄과,4.5,1,19900.0,13200.0,6700,0.33668341708542715,0,4422.222222222223
YMM251228-00000027,SMF28555734,[킹댕즈 보장!]초고당도 타이벡 감귤 2025년 첫수확,일반,4.5,1,29000.0,19000.0,10000,0.3448275862068966,0,6444.444444444444
YMM251228-00000028,SMF28555734,[킹댕즈 보장!]초고당도 타이벡 감귤 2025년 첫수확,일반,4.5,1,29000.0,19000.0,10000,0.3448275862068966,0,6444.444444444444
YMM251228-00000030,SMF28555734,[킹댕즈 보장!]초고당도 타이벡 감귤 2025년 첫수확,일반,4.5,1,29000.0,19000.0,10000,0.3448275862068966,0,6444.444444444444
YMM251228-00000031,SMF28555734,[킹댕즈 보장!]초고당도 타이벡 감귤 2025년 첫수확,일반,9.0,1,39000.0,29000.0,10000,0.2564102564102564,0,4333.333333333333
YMM251228-00000032,SMF28555734,[킹댕즈 보장!]초고당도 타이벡 감귤 2025년 첫수확,일반,4.5,1,29000.0,19000.0,10000,0.3448275862068966,0,6444.444444444444
YMM251228-00000033,SMF28555734,[킹댕즈 보장!]초고당도 타이벡 감귤 2025년 첫수확,일반,4.5,1,29000.0,19000.0,10000,0.3448275862068966,0,6444.444444444444
YMM251228-00000034,SMF28555734,[킹댕즈 보장!]초고당도 타이벡 감귤 2025년 첫수확,일반,9.0,1,39000.0,29000.0,10000,0.2564102564102564,0,4333.333333333333
YMM251228-00000035,SMF28555734,[킹댕즈 보장!]초고당도 타이벡 감귤 2025년 첫수확,일반,9.0,1,39000.0,29000.0,10000,0.2564102564102564,0,4333.333333333333
YMM251228-00000036,SMF28555734,[킹댕즈 보장!]초고당도 타이벡 감귤 2025년 첫수확,일반,9.0,1,39000.0,29000.0,10000,0.2564102564102564,0,4333.333333333333
YMM251228-00000037,SMF28555734,[킹댕즈 보장!]초고당도 타이벡 감귤 2025년 첫수확,일반,9.0,1,39000.0,29000.0,10000,0.2564102564102564,0,4333.333333333333
YMM251228-00000038,SMF28555734,[킹댕즈 보장!]초고당도 타이벡 감귤 2025년 첫수확,일반,9.0,1,39000.0,29000.0,10000,0.2564102564102564,0,4333.333333333333
YMM251228-00000039,SMF28555734,[킹댕즈 보장!]초고당도 타이벡 감귤 2025년 첫수확,일반,4.5,1,29000.0,19000.0,10000,0.3448275862068966,0,6444.444444444444
YMM251228-00000040,SMF28555734,[킹댕즈 보장!]초고당도 타이벡 감귤 2025년 첫수확,일반,4.5,1,29000.0,19000.0,10000,0.3448275862068966,0,6444.444444444444
YMM251228-00000041,SMF78619818,과즙폭발 겨울의 꽃 조생 감귤,로얄과,4.5,1,19900.0,13200.0,6700,0.33668341708542715,0,4422.222222222223
YMM251228-00000042,SMF28555734,[킹댕즈 보장!]초고당도 타이벡 감귤 2025년 첫수확,일반,9.0,1,39000.0,29000.0,10000,0.2564102564102564,0,4333.333333333333
YMM251228-00000044,SMF28555734,[킹댕즈 보장!]초고당도 타이벡 감귤 2025년 첫수확,일반,9.0,1,39000.0,29000.0,10000,0.2564102564102564,0,4333.333333333333
YMM251228-00000045,SMF28555734,[킹댕즈 보장!]초고당도 타이벡 감귤 2025년 첫수확,일반,4.5,1,29000.0,19000.0,10000,0.3448275862068966,0,6444.444444444444
YMM251228-00000046,SMF79565974,"해남 꿀고구마, 베니하루카 품종 포슬포슬",일반,5.0,1,22500.0,13600.0,8900,0.39555555555555555,0,4500.0
YMM251228-00000047,SMF78619818,과즙폭발 겨울의 꽃 조생 감귤,로얄과,4.5,1,19900.0,13200.0,6700,0.33668341708542715,0,4422.222222222223
YMM251228-00000048,SMF28555734,[킹댕즈 보장!]초고당도 타이벡 감귤 2025년 첫수확,일반,4.5,1,29000.0,19000.0,10000,0.3448275862068966,0,6444.444444444444
YMM251228-00000049,SMF78619818,과즙폭발 겨울의 꽃 조생 감귤,로얄과,4.5,1,19900.0,13200.0,6700,0.33668341708542715,0,4422.222222222223
YMM251228-00000050,SMF28555734,[킹댕즈 보장!]초고당도 타이벡 감귤 2025년 첫수확,일반,9.0,1,39000.0,29000.0,10000,0.2564102564102564,0,4333.333333333333
YMM251228-00000051,SMF24484057,초고당도 타이벡감귤 2025년 첫 수확,일반,9.0,1,39000.0,29000.0,10000,0.2564102564102564,0,4333.333333333333
YMM251228-00000052,SMF28555734,[킹댕즈 보장!]초고당도 타이벡 감귤 2025년 첫수확,일반,9.0,1,39000.0,29000.0,10000,0.2564102564102564,0,4333.333333333333
YMM251228-00000053,SMF14158451,초고당도 타이벡 감귤 2025년 첫수확,일반,4.5,1,39000.0,29000.0,10000,0.2564102564102564,0,8666.666666666666
YMM251228-00000054,SMF28555734,[킹댕즈 보장!]초고당도 타이벡 감귤 2025년 첫수확,일반,9.0,1,39000.0,29000.0,10000,0.2564102564102564,0,4333.333333333333
YMM251228-00000055,SMF28555734,[킹댕즈 보장!]초고당도 타이벡 감귤 2025년 첫수확,일반,9.0,1,39000.0,29000.0,10000,0.2564102564102564,0,4333.333333333333
YMM251228-00000056,SMF28555734,[킹댕즈 보장!]초고당도 타이벡 감귤 2025년 첫수확,일반,4.5,1,29000.0,19000.0,10000,0.3448275862068966,0,6444.444444444444
YMM251228-00000057,SMF34633170,실속만점 가정용 하우스 한라봉&레드향,대과,4.5,1,42500.0,26800.0,15700,0.36941176470588233,0,9444.444444444445
YMM251228-00000060,SMF78619818,과즙폭발 겨울의 꽃 조생 감귤,로얄과,4.5,1,19900.0,13200.0,6700,0.33668341708542715,0,4422.222222222223
YMM251228-00000061,SMF28555734,[킹댕즈 보장!]초고당도 타이벡 감귤 2025년 첫수확,일반,4.5,1,29000.0,19000.0,10000,0.3448275862068966,0,6444.444444444444
YMM251228-00000062,SMF28555734,[킹댕즈 보장!]초고당도 타이벡 감귤 2025년 첫수확,일반,9.0,1,39000.0,29000.0,10000,0.2564102564102564,0,4333.333333333333
YMM251228-00000063,SMF28555734,[킹댕즈 보장!]초고당도 타이벡 감귤 2025년 첫수확,일반,4.5,1,29000.0,19000.0,10000,0.3448275862068966,0,6444.444444444444
YMM251228-00000064,SMF28555734,[킹댕즈 보장!]초고당도 타이벡 감귤 2025년 첫수확,일반,9.0,1,39000.0,29000.0,10000,0.2564102564102564,0,4333.333333333333
YMM251229-00000001,SMF28555734,[킹댕즈 보장!]초고당도 타이벡 감귤 2025년 첫수확,일반,9.0,1,39000.0,29000.0,10000,0.2564102564102564,0,4333.333333333333
YMM251229-00000002,SMF28555734,[킹댕즈 보장!]초고당도 타이벡 감귤 2025년 첫수확,일반,4.5,1,29000.0,19000.0,10000,0.3448275862068966,0,6444.444444444444
YMM251229-00000003,SMF28555734,[킹댕즈 보장!]초고당도 타이벡 감귤 2025년 첫수확,일반,9.0,1,39000.0,29000.0,10000,0.2564102564102564,0,4333.333333333333
YMM251229-00000004,SMF28555734,[킹댕즈 보장!]초고당도 타이벡 감귤 2025년 첫수확,일반,9.0,1,39000.0,29000.0,10000,0.2564102564102564,0,4333.333333333333
YMM251229-00000005,SMF28555734,[킹댕즈 보장!]초고당도 타이벡 감귤 2025년 첫수확,일반,4.5,1,29000.0,19000.0,10000,0.3448275862068966,0,6444.444444444444
YMM251229-00000006,SMF28555734,[킹댕즈 보장!]초고당도 타이벡 감귤 2025년 첫수확,일반,4.5,1,29000.0,19000.0,10000,0.3448275862068966,0,6444.444444444444
YMM251229-00000008,SMF28555734,[킹댕즈 보장!]초고당도 타이벡 감귤 2025년 첫수확,일반,9.0,2,39000.0,29000.0,20000,0.2564102564102564,0,8666.666666666666
YMM251229-00000009,SMF28555734,[킹댕즈 보장!]초고당도 타이벡 감귤 2025년 첫수확,일반,9.0,1,39000.0,29000.0,10000,0.2564102564102564,0,4333.333333333333
YMM251229-00000010,SMF28555734,[킹댕즈 보장!]초고당도 타이벡 감귤 2025년 첫수확,일반,9.0,1,39000.0,29000.0,10000,0.2564102564102564,0,4333.333333333333
YMM251229-00000011,SMF14158451,초고당도 타이벡 감귤 2025년 첫수확,일반,4.5,1,39000.0,29000.0,10000,0.2564102564102564,0,8666.666666666666
YMM251229-00000012,SMF28555734,[킹댕즈 보장!]초고당도 타이벡 감귤 2025년 첫수확,일반,9.0,1,39000.0,29000.0,10000,0.2564102564102564,0,4333.333333333333
YMM251229-00000013,SMF78619818,과즙폭발 겨울의 꽃 조생 감귤,로얄과,4.5,6,19900.0,13200.0,40200,0.33668341708542715,0,26533.333333333332
YMM251229-00000014,SMF28555734,[킹댕즈 보장!]초고당도 타이벡 감귤 2025년 첫수확,일반,9.0,1,39000.0,29000.0,10000,0.2564102564102564,0,4333.333333333333
YMM251229-00000015,SMF28555734,[킹댕즈 보장!]초고당도 타이벡 감귤 2025년 첫수확,일반,9.0,1,39000.0,29000.0,10000,0.2564102564102564,0,4333.333333333333
YMM251229-00000016,SMF28555734,[킹댕즈 보장!]초고당도 타이벡 감귤 2025년 첫수확,일반,4.5,1,29000.0,19000.0,10000,0.3448275862068966,0,6444.444444444444
YMM251229-00000017,SMF78619818,과즙폭발 겨울의 꽃 조생 감귤,로얄과,4.5,1,19900.0,13200.0,6700,0.33668341708542715,0,4422.222222222223
YMM251229-00000018,SMF34633170,실속만점 가정용 하우스 한라봉&레드향,중과,2.5,1,32000.0,19750.0,12250,0.3828125,0,12800.0
YMM251229-00000019,SMF28555734,[킹댕즈 보장!]초고당도 타이벡 감귤 2025년 첫수확,일반,4.5,1,29000.0,19000.0,10000,0.3448275862068966,0,6444.444444444444
YMM251229-00000020,SMF28555734,[킹댕즈 보장!]초고당도 타이벡 감귤 2025년 첫수확,일반,9.0,1,39000.0,29000.0,10000,0.2564102564102564,0,4333.333333333333
YMM251229-00000023,SMF28555734,[킹댕즈 보장!]초고당도 타이벡 감귤 2025년 첫수확,일반,9.0,1,39000.0,29000.0,10000,0.2564102564102564,0,4333.333333333333
YMM251229-00000027,SMF28555734,[킹댕즈 보장!]초고당도 타이벡 감귤 2025년 첫수확,일반,4.5,1,29000.0,19000.0,10000,0.3448275862068966,0,6444.444444444444
YMM251229-00000028,SMF28555734,[킹댕즈 보장!]초고당도 타이벡 감귤 2025년 첫수확,일반,9.0,1,39000.0,29000.0,10000,0.2564102564102564,0,4333.333333333333
YMM251229-00000029,SMF28555734,[킹댕즈 보장!]초고당도 타이벡 감귤 2025년 첫수확,일반,9.0,1,39000.0,29000.0,10000,0.2564102564102564,0,4333.333333333333
YMM251229-00000030,SMF34633170,실속만점 가정용 하우스 한라봉&레드향,소과,2.5,1,22000.0,14000.0,8000,0.36363636363636365,0,8800.0
YMM251229-00000033,SMF28555734,[킹댕즈 보장!]초고당도 타이벡 감귤 2025년 첫수확,일반,9.0,1,39000.0,29000.0,10000,0.2564102564102564,0,4333.333333333333
YMM251229-00000034,SMF28555734,[킹댕즈 보장!]초고당도 타이벡 감귤 2025년 첫수확,일반,4.5,1,29000.0,19000.0,10000,0.3448275862068966,0,6444.444444444444
YMM251229-00000035,SMF78619818,과즙폭발 겨울의 꽃 조생 감귤,로얄과,4.5,2,19900.0,13200.0,13400,0.33668341708542715,0,8844.444444444445
YMM251229-00000036,SMF28555734,[킹댕즈 보장!]초고당도 타이벡 감귤 2025년 첫수확,일반,9.0,1,39000.0,29000.0,10000,0.2564102564102564,0,4333.333333333333
YMM251229-00000037,SMF28555734,[킹댕즈 보장!]초고당도 타이벡 감귤 2025년 첫수확,일반,9.0,1,39000.0,29000.0,10000,0.2564102564102564,0,4333.333333333333
YMM251229-00000038,SMF28555734,[킹댕즈 보장!]초고당도 타이벡 감귤 2025년 첫수확,일반,4.5,1,29000.0,19000.0,10000,0.3448275862068966,0,6444.444444444444
YMM251229-00000039,SMF14158451,초고당도 타이벡 감귤 2025년 첫수확,일반,2.5,1,29000.0,19000.0,10000,0.3448275862068966,0,11600.0
YMM251229-00000041,SMF78619818,과즙폭발 겨울의 꽃 조생 감귤,로얄과,4.5,1,19900.0,13200.0,6700,0.33668341708542715,0,4422.222222222223
YMM251229-00000042,SMF13606317,제주산 구좌 흙당근 비세척,일반,5.0,1,18000.0,12000.0,6000,0.3333333333333333,0,3600.0
YMM251229-00000043,SMF28555734,[킹댕즈 보장!]초고당도 타이벡 감귤 2025년 첫수확,일반,9.0,1,39000.0,29000.0,10000,0.2564102564102564,0,4333.333333333333
YMM251229-00000044,SMF28555734,[킹댕즈 보장!]초고당도 타이벡 감귤 2025년 첫수확,일반,4.5,1,29000.0,19000.0,10000,0.3448275862068966,0,6444.444444444444
YMM251229-00000046,SMF28555734,[킹댕즈 보장!]초고당도 타이벡 감귤 2025년 첫수확,일반,4.5,1,29000.0,19000.0,10000,0.3448275862068966,0,6444.444444444444
YMM251229-00000048,SMF34633170,실속만점 가정용 하우스 한라봉&레드향,소과,2.5,1,22000.0,14000.0,8000,0.36363636363636365,0,8800.0
YMM251229-00000049,SMF28555734,[킹댕즈 보장!]초고당도 타이벡 감귤 2025년 첫수확,일반,4.5,1,29000.0,19000.0,10000,0.3448275862068966,0,6444.444444444444
YMM251229-00000050,SMF28555734,[킹댕즈 보장!]초고당도 타이벡 감귤 2025년 첫수확,일반,9.0,1,39000.0,29000.0,10000,0.2564102564102564,0,4333.333333333333
YMM251229-00000051,SMF14158451,초고당도 타이벡 감귤 2025년 첫수확,일반,2.5,1,29000.0,19000.0,10000,0.3448275862068966,0,11600.0
YMM251229-00000052,SMF78619818,과즙폭발 겨울의 꽃 조생 감귤,로얄과,4.5,1,19900.0,13200.0,6700,0.33668341708542715,0,4422.222222222223
YMM251229-00000053,SMF34633170,실속만점 가정용 하우스 한라봉&레드향,중과,4.5,1,39000.0,24550.0,14450,0.37051282051282053,0,8666.666666666666
YMM251229-00000054,SMF28555734,[킹댕즈 보장!]초고당도 타이벡 감귤 2025년 첫수확,일반,9.0,1,39000.0,29000.0,10000,0.2564102564102564,0,4333.333333333333
YMM251229-00000055,SMF28555734,[킹댕즈 보장!]초고당도 타이벡 감귤 2025년 첫수확,일반,4.5,1,29000.0,19000.0,10000,0.3448275862068966,0,6444.444444444444
YMM251229-00000056,SMF78619818,과즙폭발 겨울의 꽃 조생 감귤,로얄과,2.5,1,14900.0,10000.0,4900,0.3288590604026846,0,5960.0
YMM251229-00000057,SMF79565974,"해남 꿀고구마, 베니하루카 품종 포슬포슬",일반,2.0,1,11500.0,7200.0,4300,0.3739130434782609,0,5750.0
YMM251229-00000058,SMF79565974,"해남 꿀고구마, 베니하루카 품종 포슬포슬",일반,10.0,1,37500.0,25000.0,12500,0.3333333333333333,0,3750.0
YMM251229-00000059,SMF14158451,[1+1이벤트]초고당도 타이벡 감귤 2025년 첫수확,일반,4.5,1,39000.0,29000.0,10000,0.2564102564102564,1,8666.666666666666
YMM251229-00000060,SMF14158451,[1+1이벤트]초고당도 타이벡 감귤 2025년 첫수확,일반,4.5,1,39000.0,29000.0,10000,0.2564102564102564,1,8666.666666666666
YMM251229-00000061,SMF28555734,[킹댕즈 보장!]초고당도 타이벡 감귤 2025년 첫수확,일반,4.5,1,29000.0,19000.0,10000,0.3448275862068966,0,6444.444444444444
YMM251229-00000062,SMF28555734,[킹댕즈 보장!]초고당도 타이벡 감귤 2025년 첫수확,일반,4.5,1,29000.0,19000.0,10000,0.3448275862068966,0,6444.444444444444
YMM251229-00000063,SMF28555734,[킹댕즈 보장!]초고당도 타이벡 감귤 2025년 첫수확,일반,4.5,1,29000.0,19000.0,10000,0.3448275862068966,0,6444.444444444444
YMM251229-00000064,SMF14158451,[1+1이벤트]초고당도 타이벡 감귤 2025년 첫수확,일반,2.5,1,29000.0,19000.0,10000,0.3448275862068966,1,11600.0
YMM251229-00000065,SMF14158451,[1+1이벤트]초고당도 타이벡 감귤 2025년 첫수확,일반,4.5,1,39000.0,29000.0,10000,0.2564102564102564,1,8666.666666666666
YMM251229-00000068,SMF14158451,[1+1이벤트]초고당도 타이벡 감귤 2025년 첫수확,일반,4.5,1,39000.0,29000.0,10000,0.2564102564102564,1,8666.666666666666
YMM251229-00000070,SMF14158451,[1+1이벤트]초고당도 타이벡 감귤 2025년 첫수확,일반,2.5,1,29000.0,19000.0,10000,0.3448275862068966,1,11600.0
YMM251229-00000071,SMF14158451,[1+1이벤트]초고당도 타이벡 감귤 2025년 첫수확,일반,4.5,3,39000.0,29000.0,30000,0.2564102564102564,1,26000.0
YMM251229-00000072,SMF14158451,[1+1이벤트]초고당도 타이벡 감귤 2025년 첫수확,일반,4.5,1,39000.0,29000.0,10000,0.2564102564102564,1,8666.666666666666
YMM251229-00000073,SMF14158451,[1+1이벤트]초고당도 타이벡 감귤 2025년 첫수확,일반,4.5,1,39000.0,29000.0,10000,0.2564102564102564,1,8666.666666666666
YMM251229-00000074,SMF28555734,[킹댕즈 보장!]초고당도 타이벡 감귤 2025년 첫수확,일반,9.0,1,39000.0,29000.0,10000,0.2564102564102564,0,4333.333333333333
YMM251229-00000075,SMF14158451,[1+1이벤트]초고당도 타이벡 감귤 2025년 첫수확,일반,2.5,1,29000.0,19000.0,10000,0.3448275862068966,1,11600.0
YMM251229-00000076,SMF34633170,실속만점 가정용 하우스 한라봉&레드향,중과,2.5,1,25000.0,15250.0,9750,0.39,0,10000.0
YMM251229-00000077,SMF28555734,[킹댕즈 보장!]초고당도 타이벡 감귤 2025년 첫수확,일반,9.0,1,39000.0,29000.0,10000,0.2564102564102564,0,4333.333333333333
YMM251229-00000078,SMF14158451,[1+1이벤트]초고당도 타이벡 감귤 2025년 첫수확,일반,4.5,1,39000.0,29000.0,10000,0.2564102564102564,1,8666.666666666666
YMM251229-00000079,SMF14158451,[1+1이벤트]초고당도 타이벡 감귤 2025년 첫수확,일반,4.5,1,39000.0,29000.0,10000,0.2564102564102564,1,8666.666666666666
YMM251229-00000080,SMF28555734,[킹댕즈 보장!]초고당도 타이벡 감귤 2025년 첫수확,일반,9.0,1,39000.0,29000.0,10000,0.2564102564102564,0,4333.333333333333
YMM251229-00000082,SMF14158451,[1+1이벤트]초고당도 타이벡 감귤 2025년 첫수확,일반,4.5,1,39000.0,29000.0,10000,0.2564102564102564,1,8666.666666666666
YMM251229-00000083,SMF28555734,[킹댕즈 보장!]초고당도 타이벡 감귤 2025년 첫수확,일반,4.5,1,29000.0,19000.0,10000,0.3448275862068966,0,6444.444444444444
YMM251229-00000084,SMF14158451,[1+1이벤트]초고당도 타이벡 감귤 2025년 첫수확,일반,4.5,2,34000.0,24000.0,20000,0.29411764705882354,1,15111.111111111111
YMM251229-00000085,SMF28555734,[킹댕즈 보장!]초고당도 타이벡 감귤 2025년 첫수확,일반,4.5,2,29000.0,19000.0,20000,0.3448275862068966,0,12888.888888888889
YMM251229-00000086,SMF28555734,[킹댕즈 보장!]초고당도 타이벡 감귤 2025년 첫수확,일반,9.0,1,39000.0,29000.0,10000,0.2564102564102564,0,4333.333333333333
YMM251229-00000087,SMF14158451,[1+1이벤트]초고당도 타이벡 감귤 2025년 첫수확,일반,4.5,1,39000.0,29000.0,10000,0.2564102564102564,1,8666.666666666666
YMM251229-00000088,SMF14158451,[1+1이벤트]초고당도 타이벡 감귤 2025년 첫수확,일반,2.5,1,29000.0,19000.0,10000,0.3448275862068966,1,11600.0
YMM251229-00000089,SMF28555734,[킹댕즈 보장!]초고당도 타이벡 감귤 2025년 첫수확,일반,9.0,1,39000.0,29000.0,10000,0.2564102564102564,0,4333.333333333333
YMM251229-00000090,SMF34633170,실속만점 가정용 하우스 한라봉&레드향,대과,2.5,1,33000.0,20500.0,12500,0.3787878787878788,0,13200.0
YMM251229-00000091,SMF28555734,[킹댕즈 보장!]초고당도 타이벡 감귤 2025년 첫수확,일반,4.5,1,29000.0,19000.0,10000,0.3448275862068966,0,6444.444444444444
YMM251229-00000092,SMF28555734,[킹댕즈 보장!]초고당도 타이벡 감귤 2025년 첫수확,일반,9.0,1,39000.0,29000.0,10000,0.2564102564102564,0,4333.333333333333
YMM251229-00000093,SMF28555734,[킹댕즈 보장!]초고당도 타이벡 감귤 2025년 첫수확,일반,9.0,1,39000.0,29000.0,10000,0.2564102564102564,0,4333.333333333333
YMM251229-00000094,SMF14158451,[1+1이벤트]초고당도 타이벡 감귤 2025년 첫수확,일반,2.5,1,29000.0,19000.0,10000,0.3448275862068966,1,11600.0
YMM251229-00000095,SMF79565974,"해남 꿀고구마, 베니하루카 품종 포슬포슬",일반,5.0,1,22500.0,13600.0,8900,0.39555555555555555,0,4500.0
YMM251229-00000096,SMF79565974,"해남 꿀고구마, 베니하루카 품종 포슬포슬",일반,3.0,1,15900.0,9200.0,6700,0.42138364779874216,0,5300.0
YMM251229-00000097,SMF28555734,[킹댕즈 보장!]초고당도 타이벡 감귤 2025년 첫수확,일반,4.5,1,29000.0,19000.0,10000,0.3448275862068966,0,6444.444444444444
YMM251229-00000098,SMF34633170,실속만점 가정용 하우스 한라봉&레드향,중과,4.5,1,51000.0,32650.0,18350,0.35980392156862745,0,11333.333333333334
YMM251229-00000099,SMF78619818,과즙폭발 겨울의 꽃 조생 감귤,로얄과,2.5,1,14900.0,10000.0,4900,0.3288590604026846,0,5960.0
YMM251229-00000100,SMF34633170,실속만점 가정용 하우스 한라봉&레드향,중과,4.5,1,51000.0,32650.0,18350,0.35980392156862745,0,11333.333333333334
YMM251229-00000101,SMF14158451,[1+1이벤트]초고당도 타이벡 감귤 2025년 첫수확,일반,4.5,1,39000.0,29000.0,10000,0.2564102564102564,1,8666.666666666666
YMM251229-00000102,SMF28555734,[킹댕즈 보장!]초고당도 타이벡 감귤 2025년 첫수확,일반,9.0,1,39000.0,29000.0,10000,0.2564102564102564,0,4333.333333333333
YMM251229-00000103,SMF78619818,과즙폭발 겨울의 꽃 조생 감귤,로얄과,2.5,1,14900.0,10000.0,4900,0.3288590604026846,0,5960.0
YMM251229-00000104,SMF28555734,[킹댕즈 보장!]초고당도 타이벡 감귤 2025년 첫수확,일반,4.5,1,29000.0,19000.0,10000,0.3448275862068966,0,6444.444444444444
YMM251229-00000105,SMF26601701,엄선된 프리미엄 과일 선물세트,소과,2.5,1,38000.0,23800.0,14200,0.3736842105263158,0,15200.0
YMM251229-00000107,SMF78619818,과즙폭발 겨울의 꽃 조생 감귤,로얄과,4.5,1,19900.0,13200.0,6700,0.33668341708542715,0,4422.222222222223
YMM251229-00000108,SMF14158451,[1+1이벤트]초고당도 타이벡 감귤 2025년 첫수확,일반,4.5,1,39000.0,29000.0,10000,0.2564102564102564,1,8666.666666666666
YMM251229-00000109,SMF14158451,[1+1이벤트]초고당도 타이벡 감귤 2025년 첫수확,일반,2.5,1,29000.0,19000.0,10000,0.3448275862068966,1,11600.0
YMM251229-00000111,SMF34633170,실속만점 가정용 하우스 한라봉&레드향,대과,2.5,1,33000.0,20500.0,12500,0.3787878787878788,0,13200.0
YMM251229-00000115,SMF78619818,과즙폭발 겨울의 꽃 조생 감귤,로얄과,4.5,1,19900.0,13200.0,6700,0.33668341708542715,0,4422.222222222223
YMM251229-00000116,SMF28555734,[킹댕즈 보장!]초고당도 타이벡 감귤 2025년 첫수확,일반,9.0,1,39000.0,29000.0,10000,0.2564102564102564,0,4333.333333333333
YMM251229-00000117,SMF14158451,[1+1이벤트]초고당도 타이벡 감귤 2025년 첫수확,일반,4.5,1,39000.0,29000.0,10000,0.2564102564102564,1,8666.666666666666
YMM251229-00000118,SMF79565974,"해남 꿀고구마, 베니하루카 품종 포슬포슬",일반,2.0,1,11500.0,7200.0,4300,0.3739130434782609,0,5750.0
YMM251229-00000119,SMF79565974,"해남 꿀고구마, 베니하루카 품종 포슬포슬",일반,2.0,1,9300.0,5600.0,3700,0.3978494623655914,0,4650.0
YMM251229-00000120,SMF79565974,"해남 꿀고구마, 베니하루카 품종 포슬포슬",일반,2.0,1,11500.0,7200.0,4300,0.3739130434782609,0,5750.0
YMM251229-00000121,SMF14158451,[1+1이벤트]초고당도 타이벡 감귤 2025년 첫수확,일반,4.5,1,39000.0,29000.0,10000,0.2564102564102564,1,8666.666666666666
YMM251229-00000122,SMF79565974,"해남 꿀고구마, 베니하루카 품종 포슬포슬",일반,2.0,1,9300.0,5600.0,3700,0.3978494623655914,0,4650.0
YMM251229-00000123,SMF14158451,[1+1이벤트]초고당도 타이벡 감귤 2025년 첫수확,일반,2.5,1,29000.0,19000.0,10000,0.3448275862068966,1,11600.0
YMM251229-00000124,SMF28555734,[킹댕즈 보장!]초고당도 타이벡 감귤 2025년 첫수확,일반,9.0,1,39000.0,29000.0,10000,0.2564102564102564,0,4333.333333333333
YMM251229-00000125,SMF79565974,"해남 꿀고구마, 베니하루카 품종 포슬포슬",일반,2.0,1,11500.0,7200.0,4300,0.3739130434782609,0,5750.0
YMM251229-00000126,SMF14158451,[1+1이벤트]초고당도 타이벡 감귤 2025년 첫수확,일반,4.5,1,39000.0,29000.0,10000,0.2564102564102564,1,8666.666666666666
YMM251229-00000127,SMF79565974,"해남 꿀고구마, 베니하루카 품종 포슬포슬",일반,2.0,1,11500.0,7200.0,4300,0.3739130434782609,0,5750.0
YMM251229-00000129,SMF28555734,[킹댕즈 보장!]초고당도 타이벡 감귤 2025년 첫수확,일반,9.0,1,39000.0,29000.0,10000,0.2564102564102564,0,4333.333333333333
YMM251229-00000130,SMF78619818,과즙폭발 겨울의 꽃 조생 감귤,로얄과,4.5,2,19900.0,13200.0,13400,0.33668341708542715,0,8844.444444444445
YMM251229-00000131,SMF28555734,[킹댕즈 보장!]초고당도 타이벡 감귤 2025년 첫수확,일반,9.0,1,39000.0,29000.0,10000,0.2564102564102564,0,4333.333333333333
YMM251229-00000132,SMF28555734,[킹댕즈 보장!]초고당도 타이벡 감귤 2025년 첫수확,일반,9.0,1,39000.0,29000.0,10000,0.2564102564102564,0,4333.333333333333
YMM251229-00000133,SMF14158451,[1+1이벤트]초고당도 타이벡 감귤 2025년 첫수확,일반,4.5,1,39000.0,29000.0,10000,0.2564102564102564,1,8666.666666666666
YMM251229-00000134,SMF14158451,[1+1이벤트]초고당도 타이벡 감귤 2025년 첫수확,일반,2.5,1,29000.0,19000.0,10000,0.3448275862068966,1,11600.0
YMM251229-00000135,SMF26601701,엄선된 프리미엄 과일 선물세트,소과,2.5,1,38000.0,23800.0,14200,0.3736842105263158,0,15200.0
YMM251229-00000136,SMF14158451,[1+1이벤트]초고당도 타이벡 감귤 2025년 첫수확,일반,4.5,1,39000.0,29000.0,10000,0.2564102564102564,1,8666.666666666666
YMM251229-00000137,SMF14158451,[1+1이벤트]초고당도 타이벡 감귤 2025년 첫수확,일반,4.5,1,39000.0,29000.0,10000,0.2564102564102564,1,8666.666666666666
YMM251229-00000138,SMF34633170,실속만점 가정용 하우스 한라봉&레드향,중과,4.5,1,51000.0,32650.0,18350,0.35980392156862745,0,11333.333333333334
YMM251229-00000139,SMF14158451,[1+1이벤트]초고당도 타이벡 감귤 2025년 첫수확,일반,2.5,1,29000.0,19000.0,10000,0.3448275862068966,1,11600.0
YMM251229-00000140,SMF28555734,[킹댕즈 보장!]초고당도 타이벡 감귤 2025년 첫수확,일반,9.0,1,39000.0,29000.0,10000,0.2564102564102564,0,4333.333333333333
YMM251229-00000141,SMF28555734,[킹댕즈 보장!]초고당도 타이벡 감귤 2025년 첫수확,일반,9.0,1,39000.0,29000.0,10000,0.2564102564102564,0,4333.333333333333
YMM251229-00000144,SMF28555734,[킹댕즈 보장!]초고당도 타이벡 감귤 2025년 첫수확,일반,4.5,1,29000.0,19000.0,10000,0.3448275862068966,0,6444.444444444444
YMM251229-00000146,SMF78619818,과즙폭발 겨울의 꽃 조생 감귤,로얄과,4.5,1,19900.0,13200.0,6700,0.33668341708542715,0,4422.222222222223
YMM251230-00000002,SMF28555734,[킹댕즈 보장!]초고당도 타이벡 감귤 2025년 첫수확,일반,9.0,1,39000.0,29000.0,10000,0.2564102564102564,0,4333.333333333333
YMM251230-00000003,SMF28555734,[킹댕즈 보장!]초고당도 타이벡 감귤 2025년 첫수확,일반,9.0,1,39000.0,29000.0,10000,0.2564102564102564,0,4333.333333333333
YMM251230-00000004,SMF28555734,[킹댕즈 보장!]초고당도 타이벡 감귤 2025년 첫수확,일반,9.0,1,39000.0,29000.0,10000,0.2564102564102564,0,4333.333333333333
YMM251230-00000005,SMF14158451,[1+1이벤트]초고당도 타이벡 감귤 2025년 첫수확,일반,2.5,1,29000.0,19000.0,10000,0.3448275862068966,1,11600.0
YMM251230-00000006,SMF28555734,[킹댕즈 보장!]초고당도 타이벡 감귤 2025년 첫수확,일반,9.0,1,39000.0,29000.0,10000,0.2564102564102564,0,4333.333333333333
YMM251230-00000007,SMF28555734,[킹댕즈 보장!]초고당도 타이벡 감귤 2025년 첫수확,일반,9.0,1,39000.0,29000.0,10000,0.2564102564102564,0,4333.333333333333
YMM251230-00000008,SMF14158451,[1+1이벤트]초고당도 타이벡 감귤 2025년 첫수확,일반,2.5,1,29000.0,19000.0,10000,0.3448275862068966,1,11600.0
YMM251230-00000009,SMF28555734,[킹댕즈 보장!]초고당도 타이벡 감귤 2025년 첫수확,일반,4.5,1,29000.0,19000.0,10000,0.3448275862068966,0,6444.444444444444
YMM251230-00000010,SMF28555734,[킹댕즈 보장!]초고당도 타이벡 감귤 2025년 첫수확,일반,4.5,1,29000.0,19000.0,10000,0.3448275862068966,0,6444.444444444444
YMM251230-00000012,SMF28555734,[킹댕즈 보장!]초고당도 타이벡 감귤 2025년 첫수확,일반,9.0,1,39000.0,29000.0,10000,0.2564102564102564,0,4333.333333333333
YMM251230-00000013,SMF28555734,[킹댕즈 보장!]초고당도 타이벡 감귤 2025년 첫수확,일반,9.0,1,39000.0,29000.0,10000,0.2564102564102564,0,4333.333333333333
YMM251230-00000014,SMF28555734,[킹댕즈 보장!]초고당도 타이벡 감귤 2025년 첫수확,일반,9.0,1,39000.0,29000.0,10000,0.2564102564102564,0,4333.333333333333
YMM251230-00000015,SMF14158451,[1+1이벤트]초고당도 타이벡 감귤 2025년 첫수확,일반,4.5,1,39000.0,29000.0,10000,0.2564102564102564,1,8666.666666666666
YMM251230-00000016,SMF14158451,[1+1이벤트]초고당도 타이벡 감귤 2025년 첫수확,일반,4.5,1,39000.0,29000.0,10000,0.2564102564102564,1,8666.666666666666
YMM251230-00000017,SMF34633170,실속만점 가정용 하우스 한라봉&레드향,중과,2.5,1,32000.0,19750.0,12250,0.3828125,0,12800.0
YMM251230-00000018,SMF34633170,실속만점 가정용 하우스 한라봉&레드향,중과,2.5,1,32000.0,19750.0,12250,0.3828125,0,12800.0
YMM251230-00000019,SMF34633170,실속만점 가정용 하우스 한라봉&레드향,중과,2.5,1,32000.0,19750.0,12250,0.3828125,0,12800.0
YMM251230-00000020,SMF34633170,실속만점 가정용 하우스 한라봉&레드향,중과,2.5,1,32000.0,19750.0,12250,0.3828125,0,12800.0
YMM251230-00000021,SMF14158451,[1+1이벤트]초고당도 타이벡 감귤 2025년 첫수확,일반,4.5,1,39000.0,29000.0,10000,0.2564102564102564,1,8666.666666666666
YMM251230-00000022,SMF14158451,[1+1이벤트]초고당도 타이벡 감귤 2025년 첫수확,일반,2.5,1,29000.0,19000.0,10000,0.3448275862068966,1,11600.0
YMM251230-00000024,SMF79565974,"해남 꿀고구마, 베니하루카 품종 포슬포슬",일반,5.0,1,22500.0,13600.0,8900,0.39555555555555555,0,4500.0
YMM251230-00000025,SMF28555734,[킹댕즈 보장!]초고당도 타이벡 감귤 2025년 첫수확,일반,9.0,1,39000.0,29000.0,10000,0.2564102564102564,0,4333.333333333333
YMM251230-00000026,SMF14158451,[1+1이벤트]초고당도 타이벡 감귤 2025년 첫수확,일반,2.5,1,29000.0,19000.0,10000,0.3448275862068966,1,11600.0
YMM251230-00000027,SMF78619818,과즙폭발 겨울의 꽃 조생 감귤,로얄과,4.5,1,19900.0,13200.0,6700,0.33668341708542715,0,4422.222222222223
YMM251230-00000028,SMF14158451,[1+1이벤트]초고당도 타이벡 감귤 2025년 첫수확,일반,4.5,1,39000.0,29000.0,10000,0.2564102564102564,1,8666.666666666666
YMM251230-00000029,SMF78619818,과즙폭발 겨울의 꽃 조생 감귤,로얄과,2.5,1,14900.0,10000.0,4900,0.3288590604026846,0,5960.0
YMM251230-00000030,SMF34633170,실속만점 가정용 하우스 한라봉&레드향,중과,2.5,1,25000.0,15250.0,9750,0.39,0,10000.0
YMM251230-00000031,SMF28555734,[킹댕즈 보장!]초고당도 타이벡 감귤 2025년 첫수확,일반,9.0,1,39000.0,29000.0,10000,0.2564102564102564,0,4333.333333333333
YMM251230-00000032,SMF28555734,[킹댕즈 보장!]초고당도 타이벡 감귤 2025년 첫수확,일반,9.0,1,39000.0,29000.0,10000,0.2564102564102564,0,4333.333333333333
YMM251230-00000033,SMF28555734,[킹댕즈 보장!]초고당도 타이벡 감귤 2025년 첫수확,일반,9.0,1,39000.0,29000.0,10000,0.2564102564102564,0,4333.333333333333
YMM251230-00000036,SMF28555734,[킹댕즈 보장!]초고당도 타이벡 감귤 2025년 첫수확,일반,9.0,1,39000.0,29000.0,10000,0.2564102564102564,0,4333.333333333333
YMM251230-00000037,SMF28555734,[킹댕즈 보장!]초고당도 타이벡 감귤 2025년 첫수확,일반,9.0,1,39000.0,29000.0,10000,0.2564102564102564,0,4333.333333333333
YMM251230-00000038,SMF28555734,[킹댕즈 보장!]초고당도 타이벡 감귤 2025년 첫수확,일반,9.0,1,39000.0,29000.0,10000,0.2564102564102564,0,4333.333333333333
YMM251230-00000039,SMF14158451,"[1+1이벤트]초고당도 타이벡 감귤, 1월 6일 출고 예정",일반,4.5,1,39000.0,29000.0,10000,0.2564102564102564,1,8666.666666666666
YMM251230-00000040,SMF28555734,[킹댕즈 보장!]초고당도 타이벡 감귤 2025년 첫수확,일반,9.0,1,39000.0,29000.0,10000,0.2564102564102564,0,4333.333333333333
YMM251230-00000041,SMF28555734,[킹댕즈 보장!]초고당도 타이벡 감귤 2025년 첫수확,일반,9.0,1,39000.0,29000.0,10000,0.2564102564102564,0,4333.333333333333
YMM251230-00000043,SMF14158451,"[1+1이벤트]초고당도 타이벡 감귤, 1월 6일 출고 예정",일반,4.5,1,39000.0,29000.0,10000,0.2564102564102564,1,8666.666666666666
YMM251230-00000044,SMF79565974,"해남 꿀고구마, 베니하루카 품종 포슬포슬",일반,10.0,1,37500.0,25000.0,12500,0.3333333333333333,0,3750.0
YMM251230-00000045,SMF34633170,실속만점 가정용 하우스 한라봉&레드향,중과,4.5,1,39000.0,24550.0,14450,0.37051282051282053,0,8666.666666666666
YMM251230-00000046,SMF28555734,[킹댕즈 보장!]초고당도 타이벡 감귤 2025년 첫수확,일반,9.0,1,39000.0,29000.0,10000,0.2564102564102564,0,4333.333333333333
YMM251230-00000047,SMF14158451,"[1+1이벤트]초고당도 타이벡 감귤, 1월 6일 출고 예정",일반,2.5,1,29000.0,19000.0,10000,0.3448275862068966,1,11600.0
YMM251230-00000048,SMF79565974,"해남 꿀고구마, 베니하루카 품종 포슬포슬",일반,5.0,1,16900.0,9600.0,7300,0.4319526627218935,0,3380.0
YMM251230-00000049,SMF78619818,과즙폭발 겨울의 꽃 조생 감귤,로얄과,4.5,1,19900.0,13200.0,6700,0.33668341708542715,0,4422.222222222223
YMM251230-00000050,SMF34633170,실속만점 가정용 하우스 한라봉&레드향,대과,4.5,1,55000.0,34000.0,21000,0.38181818181818183,0,12222.222222222223
YMM251230-00000051,SMF14158451,"[1+1이벤트]초고당도 타이벡 감귤, 1월 6일 출고 예정",일반,2.5,1,29000.0,19000.0,10000,0.3448275862068966,1,11600.0
YMM251230-00000052,SMF79565974,"해남 꿀고구마, 베니하루카 품종 포슬포슬",일반,2.0,1,11500.0,7200.0,4300,0.3739130434782609,0,5750.0
YMM251230-00000053,SMF14158451,"[1+1이벤트]초고당도 타이벡 감귤, 1월 6일 출고 예정",일반,2.5,1,29000.0,19000.0,10000,0.3448275862068966,1,11600.0
YMM251230-00000054,SMF14158451,"[1+1이벤트]초고당도 타이벡 감귤, 1월 6일 출고 예정",일반,4.5,1,39000.0,29000.0,10000,0.2564102564102564,1,8666.666666666666
YMM251230-00000055,SMF28555734,[킹댕즈 보장!]초고당도 타이벡 감귤 2025년 첫수확,일반,9.0,3,39000.0,29000.0,30000,0.2564102564102564,0,13000.0
YMM251230-00000056,SMF14158451,"[1+1이벤트]초고당도 타이벡 감귤, 1월 6일 출고 예정",일반,4.5,1,39000.0,29000.0,10000,0.2564102564102564,1,8666.666666666666
YMM251230-00000057,SMF28555734,[킹댕즈 보장!]초고당도 타이벡 감귤 2025년 첫수확,일반,9.0,1,39000.0,29000.0,10000,0.2564102564102564,0,4333.333333333333
YMM251230-00000058,SMF14158451,"[1+1이벤트]초고당도 타이벡 감귤, 1월 6일 출고 예정",일반,4.5,1,39000.0,29000.0,10000,0.2564102564102564,1,8666.666666666666
YMM251230-00000059,SMF28555734,[킹댕즈 보장!]초고당도 타이벡 감귤 2025년 첫수확,일반,4.5,1,29000.0,19000.0,10000,0.3448275862068966,0,6444.444444444444
YMM251230-00000062,SMF14158451,"[1+1이벤트]초고당도 타이벡 감귤, 1월 6일 출고 예정",일반,4.5,6,30666.666666666668,20666.666666666668,60000,0.32608695652173914,1,40888.88888888889
YMM251230-00000063,SMF28555734,[킹댕즈 보장!]초고당도 타이벡 감귤 2025년 첫수확,일반,9.0,1,39000.0,29000.0,10000,0.2564102564102564,0,4333.333333333333
YMM251230-00000064,SMF79565974,"해남 꿀고구마, 베니하루카 품종 포슬포슬",일반,10.0,1,37500.0,25000.0,12500,0.3333333333333333,0,3750.0
YMM251230-00000065,SMF78619818,과즙폭발 겨울의 꽃 조생 감귤,로얄과,4.5,1,19900.0,13200.0,6700,0.33668341708542715,0,4422.222222222223
YMM251230-00000066,SMF14158451,"[1+1이벤트]초고당도 타이벡 감귤, 1월 6일 출고 예정",일반,4.5,1,39000.0,29000.0,10000,0.2564102564102564,1,8666.666666666666
YMM251230-00000067,SMF28555734,[킹댕즈 보장!]초고당도 타이벡 감귤 2025년 첫수확,일반,4.5,1,29000.0,19000.0,10000,0.3448275862068966,0,6444.444444444444
YMM251230-00000068,SMF28555734,[킹댕즈 보장!]초고당도 타이벡 감귤 2025년 첫수확,일반,4.5,1,29000.0,19000.0,10000,0.3448275862068966,0,6444.444444444444
YMM251230-00000069,SMF14158451,"[1+1이벤트]초고당도 타이벡 감귤, 1월 6일 출고 예정",일반,4.5,1,39000.0,29000.0,10000,0.2564102564102564,1,8666.666666666666
YMM251230-00000071,SMF28555734,[킹댕즈 보장!]초고당도 타이벡 감귤 2025년 첫수확,일반,4.5,1,29000.0,19000.0,10000,0.3448275862068966,0,6444.444444444444
YMM251230-00000072,SMF28555734,[킹댕즈 보장!]초고당도 타이벡 감귤 2025년 첫수확,일반,9.0,1,39000.0,29000.0,10000,0.2564102564102564,0,4333.333333333333
YMM251230-00000073,SMF78619818,과즙폭발 겨울의 꽃 조생 감귤,로얄과,2.5,1,14900.0,10000.0,4900,0.3288590604026846,0,5960.0
YMM251230-00000076,SMF78619818,과즙폭발 겨울의 꽃 조생 감귤,로얄과,2.5,1,14900.0,10000.0,4900,0.3288590604026846,0,5960.0
YMM251230-00000077,SMF78619818,과즙폭발 겨울의 꽃 조생 감귤,로얄과,2.5,1,14900.0,10000.0,4900,0.3288590604026846,0,5960.0
YMM251230-00000079,SMF78619818,과즙폭발 겨울의 꽃 조생 감귤,로얄과,2.5,1,14900.0,10000.0,4900,0.3288590604026846,0,5960.0
YMM251230-00000080,SMF79565974,"해남 꿀고구마, 베니하루카 품종 포슬포슬",일반,3.0,1,15900.0,9200.0,6700,0.42138364779874216,0,5300.0
YMM251230-00000081,SMF14158451,"[1+1이벤트]초고당도 타이벡 감귤, 1월 6일 출고 예정",일반,4.5,1,39000.0,29000.0,10000,0.2564102564102564,1,8666.666666666666
YMM251230-00000082,SMF14158451,"[1+1이벤트]초고당도 타이벡 감귤, 1월 6일 출고 예정",일반,4.5,1,39000.0,29000.0,10000,0.2564102564102564,1,8666.666666666666
YMM251230-00000083,SMF28555734,[킹댕즈 보장!]초고당도 타이벡 감귤 2025년 첫수확,일반,4.5,1,29000.0,19000.0,10000,0.3448275862068966,0,6444.444444444444
YMM251230-00000084,SMF28555734,[킹댕즈 보장!]초고당도 타이벡 감귤 2025년 첫수확,일반,9.0,1,39000.0,29000.0,10000,0.2564102564102564,0,4333.333333333333
YMM251230-00000085,SMF28555734,[킹댕즈 보장!]초고당도 타이벡 감귤 2025년 첫수확,일반,4.5,2,34000.0,24000.0,20000,0.29411764705882354,0,15111.111111111111
YMM251230-00000088,SMF28555734,[킹댕즈 보장!]초고당도 타이벡 감귤 2025년 첫수확,일반,4.5,1,29000.0,19000.0,10000,0.3448275862068966,0,6444.444444444444
YMM251230-00000089,SMF28555734,[킹댕즈 보장!]초고당도 타이벡 감귤 2025년 첫수확,일반,9.0,1,39000.0,29000.0,10000,0.2564102564102564,0,4333.333333333333
YMM251230-00000090,SMF14158451,"[1+1이벤트]초고당도 타이벡 감귤, 1월 6일 출고 예정",일반,2.5,1,29000.0,19000.0,10000,0.3448275862068966,1,11600.0
YMM251230-00000091,SMF14158451,"[1+1이벤트]초고당도 타이벡 감귤, 1월 6일 출고 예정",일반,4.5,1,39000.0,29000.0,10000,0.2564102564102564,1,8666.666666666666
YMM251230-00000092,SMF14158451,"[1+1이벤트]초고당도 타이벡 감귤, 1월 6일 출고 예정",일반,4.5,1,39000.0,29000.0,10000,0.2564102564102564,1,8666.666666666666
YMM251230-00000093,SMF28555734,[킹댕즈 보장!]초고당도 타이벡 감귤 2025년 첫수확,일반,9.0,1,39000.0,29000.0,10000,0.2564102564102564,0,4333.333333333333
YMM251230-00000094,SMF14158451,"[1+1이벤트]초고당도 타이벡 감귤, 1월 6일 출고 예정",일반,2.5,1,29000.0,19000.0,10000,0.3448275862068966,1,11600.0
YMM251230-00000095,SMF14158451,"[1+1이벤트]초고당도 타이벡 감귤, 1월 6일 출고 예정",일반,2.5,1,29000.0,19000.0,10000,0.3448275862068966,1,11600.0
YMM251230-00000096,SMF14158451,"[1+1이벤트]초고당도 타이벡 감귤, 1월 6일 출고 예정",일반,2.5,1,29000.0,19000.0,10000,0.3448275862068966,1,11600.0
YMM251230-00000097,SMF28555734,[킹댕즈 보장!]초고당도 타이벡 감귤 2025년 첫수확,일반,9.0,1,39000.0,29000.0,10000,0.2564102564102564,0,4333.333333333333
YMM251231-00000001,SMF28555734,[킹댕즈 보장!]초고당도 타이벡 감귤 2025년 첫수확,일반,9.0,1,39000.0,29000.0,10000,0.2564102564102564,0,4333.333333333333
YMM251231-00000002,SMF28555734,[킹댕즈 보장!]초고당도 타이벡 감귤 2025년 첫수확,일반,9.0,1,39000.0,29000.0,10000,0.2564102564102564,0,4333.333333333333
YMM251231-00000003,SMF34633170,실속만점 가정용 하우스 한라봉&레드향,중과,2.5,1,32000.0,19750.0,12250,0.3828125,0,12800.0
YMM251231-00000005,SMF28555734,[킹댕즈 보장!]초고당도 타이벡 감귤 2025년 첫수확,일반,9.0,1,39000.0,29000.0,10000,0.2564102564102564,0,4333.333333333333
YMM251231-00000006,SMF78619818,과즙폭발 겨울의 꽃 조생 감귤,로얄과,2.5,1,14900.0,10000.0,4900,0.3288590604026846,0,5960.0
YMM251231-00000007,SMF28555734,[킹댕즈 보장!]초고당도 타이벡 감귤 2025년 첫수확,일반,9.0,1,39000.0,29000.0,10000,0.2564102564102564,0,4333.333333333333
YMM251231-00000009,SMF79565974,"해남 꿀고구마, 베니하루카 품종 포슬포슬",일반,5.0,1,22500.0,13600.0,8900,0.39555555555555555,0,4500.0
YMM251231-00000010,SMF28555734,[킹댕즈 보장!]초고당도 타이벡 감귤 2025년 첫수확,일반,4.5,1,29000.0,19000.0,10000,0.3448275862068966,0,6444.444444444444
YMM251231-00000011,SMF28555734,[킹댕즈 보장!]초고당도 타이벡 감귤 2025년 첫수확,일반,4.5,1,29000.0,19000.0,10000,0.3448275862068966,0,6444.444444444444
YMM251231-00000012,SMF79565974,"해남 꿀고구마, 베니하루카 품종 포슬포슬",일반,2.0,1,11500.0,7200.0,4300,0.3739130434782609,0,5750.0
YMM251126-00000039,SMF13166336,♥1년 중 20일만 맛 볼 수 있는 고당도 노지 황금향♥,일반,4.5,1,29000.0,20000.0,9000,0.3103448275862069,0,6444.444444444444
YMM251126-00000040,SMF13166336,♥1년 중 20일만 맛 볼 수 있는 고당도 노지 황금향♥,일반,4.5,1,29000.0,20000.0,9000,0.3103448275862069,0,6444.444444444444
YMM251126-00000041,SMF14158451,초고당도 타이벡감귤 2025년 첫 수확,일반,4.5,1,39000.0,29000.0,10000,0.2564102564102564,0,8666.666666666666
YMM251126-00000042,SMF13166336,♥1년 중 20일만 맛 볼 수 있는 고당도 노지 황금향♥,일반,4.5,1,29000.0,20000.0,9000,0.3103448275862069,0,6444.444444444444
YMM251126-00000043,SMF14158451,초고당도 타이벡감귤 2025년 첫 수확,일반,2.5,1,29000.0,19000.0,10000,0.3448275862068966,0,11600.0
YMM251126-00000045,SMF14158451,초고당도 타이벡감귤 2025년 첫 수확,일반,4.5,1,39000.0,29000.0,10000,0.2564102564102564,0,8666.666666666666
YMM251126-00000046,SMF87201852,초고당도 타이벡감귤 2025년 첫 수확,일반,5.0,1,35000.0,20000.0,15000,0.42857142857142855,0,7000.0
YMM251126-00000047,SMF13166336,♥1년 중 20일만 맛 볼 수 있는 고당도 노지 황금향♥,일반,9.0,1,45000.0,30000.0,15000,0.3333333333333333,0,5000.0
YMM251126-00000048,SMF13166336,♥1년 중 20일만 맛 볼 수 있는 고당도 노지 황금향♥,일반,9.0,1,45000.0,30000.0,15000,0.3333333333333333,0,5000.0
YMM251126-00000049,SMF13166336,♥1년 중 20일만 맛 볼 수 있는 고당도 노지 황금향♥,일반,9.0,1,45000.0,30000.0,15000,0.3333333333333333,0,5000.0
YMM251126-00000050,SMF14158451,초고당도 타이벡감귤 2025년 첫 수확,일반,2.5,1,29000.0,19000.0,10000,0.3448275862068966,0,11600.0
YMM251127-00000001,SMF14158451,초고당도 타이벡감귤 2025년 첫 수확,일반,4.5,1,39000.0,29000.0,10000,0.2564102564102564,0,8666.666666666666
YMM251127-00000002,SMF13166336,♥1년 중 20일만 맛 볼 수 있는 고당도 노지 황금향♥,일반,4.5,1,29000.0,20000.0,9000,0.3103448275862069,0,6444.444444444444
YMM251127-00000003,SMF13166336,♥1년 중 20일만 맛 볼 수 있는 고당도 노지 황금향♥,일반,4.5,1,29000.0,20000.0,9000,0.3103448275862069,0,6444.444444444444
YMM251127-00000004,SMF13166336,♥1년 중 20일만 맛 볼 수 있는 고당도 노지 황금향♥,일반,4.5,2,29000.0,20000.0,18000,0.3103448275862069,0,12888.888888888889
YMM251127-00000005,SMF13166336,♥1년 중 20일만 맛 볼 수 있는 고당도 노지 황금향♥,일반,9.0,1,45000.0,30000.0,15000,0.3333333333333333,0,5000.0
YMM251127-00000006,SMF13166336,♥1년 중 20일만 맛 볼 수 있는 고당도 노지 황금향♥,일반,4.5,1,29000.0,20000.0,9000,0.3103448275862069,0,6444.444444444444
YMM251127-00000007,SMF13166336,♥1년 중 20일만 맛 볼 수 있는 고당도 노지 황금향♥,일반,4.5,1,29000.0,20000.0,9000,0.3103448275862069,0,6444.444444444444
YMM251127-00000009,SMF14158451,초고당도 타이벡감귤 2025년 첫 수확,일반,4.5,1,39000.0,29000.0,10000,0.2564102564102564,0,8666.666666666666
YMM251127-00000010,SMF87201852,초고당도 타이벡감귤 2025년 첫 수확,일반,9.0,1,55000.0,29000.0,26000,0.4727272727272727,0,6111.111111111111
YMM251127-00000011,SMF13166336,♥1년 중 20일만 맛 볼 수 있는 고당도 노지 황금향♥,일반,4.5,3,29000.0,20000.0,27000,0.3103448275862069,0,19333.333333333332
YMM251127-00000012,SMF14158451,초고당도 타이벡감귤 2025년 첫 수확,일반,2.5,1,29000.0,19000.0,10000,0.3448275862068966,0,11600.0
YMM251127-00000013,SMF13166336,♥1년 중 20일만 맛 볼 수 있는 고당도 노지 황금향♥,일반,4.5,1,29000.0,20000.0,9000,0.3103448275862069,0,6444.444444444444
YMM251127-00000014,SMF87201852,초고당도 타이벡감귤 2025년 첫 수확,일반,5.0,1,35000.0,20000.0,15000,0.42857142857142855,0,7000.0
YMM251127-00000015,SMF28240458,과즙폭발 꿀당도 보장 감귤 [유라실생],소과,10.0,1,44900.0,44900.0,0,0.0,0,4490.0
YMM251127-00000018,SMF13166336,♥1년 중 20일만 맛 볼 수 있는 고당도 노지 황금향♥,일반,4.5,4,29000.0,20000.0,36000,0.3103448275862069,0,25777.777777777777
YMM251127-00000019,SMF14158451,초고당도 타이벡감귤 2025년 첫 수확,일반,2.5,1,29000.0,19000.0,10000,0.3448275862068966,0,11600.0
YMM251127-00000020,SMF13166336,♥1년 중 20일만 맛 볼 수 있는 고당도 노지 황금향♥,일반,9.0,1,45000.0,30000.0,15000,0.3333333333333333,0,5000.0
YMM251127-00000021,SMF14158451,초고당도 타이벡감귤 2025년 첫 수확,일반,2.5,1,29000.0,19000.0,10000,0.3448275862068966,0,11600.0
YMM251127-00000022,SMF28240458,과즙폭발 꿀당도 보장 감귤 [유라실생],소과,3.0,1,24900.0,24900.0,0,0.0,0,8300.0
YMM251127-00000023,SMF14158451,초고당도 타이벡감귤 2025년 첫 수확,일반,2.5,1,29000.0,19000.0,10000,0.3448275862068966,0,11600.0
YMM251127-00000024,SMF14158451,초고당도 타이벡감귤 2025년 첫 수확,일반,2.5,1,29000.0,19000.0,10000,0.3448275862068966,0,11600.0
YMM251127-00000025,SMF24484057,초고당도 타이벡감귤 2025년 첫 수확,일반,5.0,1,29000.0,19000.0,10000,0.3448275862068966,0,5800.0
YMM251127-00000026,SMF28240458,과즙폭발 꿀당도 보장 감귤 [유라실생],소과,3.0,1,24900.0,24900.0,0,0.0,0,8300.0
YMM251127-00000027,SMF13166336,♥1년 중 20일만 맛 볼 수 있는 고당도 노지 황금향♥,일반,4.5,20,29000.0,20000.0,180000,0.3103448275862069,0,128888.88888888889
YMM251127-00000028,SMF13166336,♥1년 중 20일만 맛 볼 수 있는 고당도 노지 황금향♥,일반,4.5,1,29000.0,20000.0,9000,0.3103448275862069,0,6444.444444444444
YMM251127-00000029,SMF13166336,♥1년 중 20일만 맛 볼 수 있는 고당도 노지 황금향♥,일반,4.5,2,29000.0,20000.0,18000,0.3103448275862069,0,12888.888888888889
YMM251127-00000030,SMF28240458,과즙폭발 꿀당도 보장 감귤 [유라실생],소과,3.0,1,24900.0,24900.0,0,0.0,0,8300.0
YMM251127-00000031,SMF13166336,♥1년 중 20일만 맛 볼 수 있는 고당도 노지 황금향♥,일반,4.5,1,29000.0,20000.0,9000,0.3103448275862069,0,6444.444444444444
YMM251127-00000033,SMF28240458,과즙폭발 꿀당도 보장 감귤 [유라실생],소과,10.0,1,44900.0,44900.0,0,0.0,0,4490.0
YMM251127-00000034,SMF14158451,초고당도 타이벡감귤 2025년 첫 수확,일반,4.5,1,39000.0,29000.0,10000,0.2564102564102564,0,8666.666666666666
YMM251127-00000035,SMF13166336,♥1년 중 20일만 맛 볼 수 있는 고당도 노지 황금향♥,일반,4.5,1,29000.0,20000.0,9000,0.3103448275862069,0,6444.444444444444
YMM251127-00000036,SMF37504939,논산 설향딸기 달콤함 가득 겨울과일,일반,0.7,1,24900.0,17500.0,7400,0.2971887550200803,0,35571.42857142857
YMM251127-00000037,SMF87201852,초고당도 타이벡감귤 2025년 첫 수확,일반,5.0,1,35000.0,20000.0,15000,0.42857142857142855,0,7000.0
YMM251127-00000039,SMF14158451,초고당도 타이벡감귤 2025년 첫 수확,일반,4.5,2,39000.0,29000.0,20000,0.2564102564102564,0,17333.333333333332
YMM251127-00000040,SMF87201852,초고당도 타이벡감귤 2025년 첫 수확,일반,5.0,1,35000.0,20000.0,15000,0.42857142857142855,0,7000.0
YMM251127-00000041,SMF14158451,초고당도 타이벡감귤 2025년 첫 수확,일반,2.5,1,29000.0,19000.0,10000,0.3448275862068966,0,11600.0
YMM251127-00000042,SMF14158451,초고당도 타이벡감귤 2025년 첫 수확,일반,2.5,1,29000.0,19000.0,10000,0.3448275862068966,0,11600.0
YMM251128-00000001,SMF14158451,초고당도 타이벡감귤 2025년 첫 수확,일반,2.5,1,29000.0,19000.0,10000,0.3448275862068966,0,11600.0
YMM251128-00000002,SMF14158451,초고당도 타이벡감귤 2025년 첫 수확,일반,2.5,1,29000.0,19000.0,10000,0.3448275862068966,0,11600.0
YMM251128-00000003,SMF14158451,초고당도 타이벡감귤 2025년 첫 수확,일반,4.5,1,39000.0,29000.0,10000,0.2564102564102564,0,8666.666666666666
YMM251128-00000004,SMF37504939,논산 설향딸기 달콤함 가득 겨울과일,일반,0.7,1,24900.0,17500.0,7400,0.2971887550200803,0,35571.42857142857
YMM251128-00000005,SMF37504939,논산 설향딸기 달콤함 가득 겨울과일,일반,0.7,1,24900.0,17500.0,7400,0.2971887550200803,0,35571.42857142857
YMM251128-00000006,SMF14158451,초고당도 타이벡감귤 2025년 첫 수확,일반,2.5,1,29000.0,19000.0,10000,0.3448275862068966,0,11600.0
YMM251128-00000008,SMF13166336,♥1년 중 20일만 맛 볼 수 있는 고당도 노지 황금향♥,일반,4.5,1,29000.0,20000.0,9000,0.3103448275862069,0,6444.444444444444
YMM251128-00000009,SMF13166336,♥1년 중 20일만 맛 볼 수 있는 고당도 노지 황금향♥,일반,9.0,1,45000.0,30000.0,15000,0.3333333333333333,0,5000.0
YMM251128-00000010,SMF13166336,♥1년 중 20일만 맛 볼 수 있는 고당도 노지 황금향♥,일반,4.5,1,29000.0,20000.0,9000,0.3103448275862069,0,6444.444444444444
YMM251128-00000011,SMF37504939,논산 설향딸기 달콤함 가득 겨울과일,일반,0.7,1,24900.0,17500.0,7400,0.2971887550200803,0,35571.42857142857
YMM251128-00000012,SMF13166336,♥1년 중 20일만 맛 볼 수 있는 고당도 노지 황금향♥,일반,4.5,1,29000.0,20000.0,9000,0.3103448275862069,0,6444.444444444444
YMM251128-00000015,SMF13166336,♥1년 중 20일만 맛 볼 수 있는 고당도 노지 황금향♥,일반,4.5,1,29000.0,20000.0,9000,0.3103448275862069,0,6444.444444444444
YMM251128-00000016,SMF45712223,"경남 제철 부유단감 3kg, 5kg",중대과,3.0,1,17000.0,12000.0,5000,0.29411764705882354,0,5666.666666666667
YMM251128-00000018,SMF14158451,[사전예약] 초고당도 타이벡 감귤 깜짝 2배 이벤트!,일반,2.5,1,29000.0,19000.0,10000,0.3448275862068966,0,11600.0
YMM251128-00000021,SMF14158451,[사전예약] 초고당도 타이벡 감귤 깜짝 2배 이벤트!,일반,4.5,1,39000.0,29000.0,10000,0.2564102564102564,0,8666.666666666666
YMM251128-00000022,SMF14158451,[사전예약] 초고당도 타이벡 감귤 깜짝 2배 이벤트!,일반,2.5,1,29000.0,19000.0,10000,0.3448275862068966,0,11600.0
YMM251128-00000023,SMF13166336,♥1년 중 20일만 맛 볼 수 있는 고당도 노지 황금향♥,일반,4.5,1,29000.0,20000.0,9000,0.3103448275862069,0,6444.444444444444
YMM251128-00000024,SMF14158451,[사전예약] 초고당도 타이벡 감귤 깜짝 2배 이벤트!,일반,4.5,1,39000.0,29000.0,10000,0.2564102564102564,0,8666.666666666666
YMM251128-00000025,SMF14158451,[사전예약] 초고당도 타이벡 감귤 깜짝 2배 이벤트!,일반,4.5,1,39000.0,29000.0,10000,0.2564102564102564,0,8666.666666666666
YMM251128-00000026,SMF13166336,♥1년 중 20일만 맛 볼 수 있는 고당도 노지 황금향♥,일반,4.5,1,29000.0,20000.0,9000,0.3103448275862069,0,6444.444444444444
YMM251128-00000027,SMF14158451,[사전예약] 초고당도 타이벡 감귤 깜짝 2배 이벤트!,일반,4.5,1,39000.0,29000.0,10000,0.2564102564102564,0,8666.666666666666
YMM251128-00000028,SMF14158451,[사전예약] 초고당도 타이벡 감귤 깜짝 2배 이벤트!,일반,2.5,1,29000.0,19000.0,10000,0.3448275862068966,0,11600.0
YMM251128-00000029,SMF13166336,♥1년 중 20일만 맛 볼 수 있는 고당도 노지 황금향♥,일반,4.5,1,29000.0,20000.0,9000,0.3103448275862069,0,6444.444444444444
YMM251128-00000030,SMF14158451,[사전예약] 초고당도 타이벡 감귤 깜짝 2배 이벤트!,일반,2.5,1,29000.0,19000.0,10000,0.3448275862068966,0,11600.0
YMM251128-00000031,SMF14158451,[사전예약] 초고당도 타이벡 감귤 깜짝 2배 이벤트!,일반,2.5,1,29000.0,19000.0,10000,0.3448275862068966,0,11600.0
YMM251128-00000032,SMF14158451,[사전예약] 초고당도 타이벡 감귤 깜짝 2배 이벤트!,일반,2.5,1,29000.0,19000.0,10000,0.3448275862068966,0,11600.0
YMM251128-00000033,SMF14158451,[사전예약] 초고당도 타이벡 감귤 깜짝 2배 이벤트!,일반,4.5,1,39000.0,29000.0,10000,0.2564102564102564,0,8666.666666666666
YMM251128-00000034,SMF14158451,[사전예약] 초고당도 타이벡 감귤 깜짝 2배 이벤트!,일반,2.5,1,29000.0,19000.0,10000,0.3448275862068966,0,11600.0
YMM251128-00000035,SMF14158451,[사전예약] 초고당도 타이벡 감귤 깜짝 2배 이벤트!,일반,4.5,1,39000.0,29000.0,10000,0.2564102564102564,0,8666.666666666666
YMM251128-00000037,SMF14158451,[사전예약] 초고당도 타이벡 감귤 깜짝 2배 이벤트!,일반,4.5,1,39000.0,29000.0,10000,0.2564102564102564,0,8666.666666666666
YMM251128-00000038,SMF14158451,[사전예약] 초고당도 타이벡 감귤 깜짝 2배 이벤트!,일반,2.5,1,29000.0,19000.0,10000,0.3448275862068966,0,11600.0
YMM251128-00000039,SMF14158451,[사전예약] 초고당도 타이벡 감귤 깜짝 2배 이벤트!,일반,2.5,1,29000.0,19000.0,10000,0.3448275862068966,0,11600.0
YMM251128-00000040,SMF14158451,[사전예약] 초고당도 타이벡 감귤 깜짝 2배 이벤트!,일반,2.5,1,29000.0,19000.0,10000,0.3448275862068966,0,11600.0
YMM251128-00000041,SMF13166336,♥1년 중 20일만 맛 볼 수 있는 고당도 노지 황금향♥,일반,4.5,1,29000.0,20000.0,9000,0.3103448275862069,0,6444.444444444444
YMM251128-00000042,SMF14158451,[사전예약] 초고당도 타이벡 감귤 깜짝 2배 이벤트!,일반,4.5,1,39000.0,29000.0,10000,0.2564102564102564,0,8666.666666666666
YMM251128-00000043,SMF13166336,♥1년 중 20일만 맛 볼 수 있는 고당도 노지 황금향♥,일반,4.5,1,29000.0,20000.0,9000,0.3103448275862069,0,6444.444444444444
YMM251128-00000045,SMF14158451,[사전예약] 초고당도 타이벡 감귤 깜짝 2배 이벤트!,일반,4.5,1,39000.0,29000.0,10000,0.2564102564102564,0,8666.666666666666
YMM251128-00000046,SMF14158451,[사전예약] 초고당도 타이벡 감귤 깜짝 2배 이벤트!,일반,4.5,1,39000.0,29000.0,10000,0.2564102564102564,0,8666.666666666666
YMM251128-00000047,SMF14158451,[사전예약] 초고당도 타이벡 감귤 깜짝 2배 이벤트!,일반,4.5,1,39000.0,29000.0,10000,0.2564102564102564,0,8666.666666666666
YMM251128-00000048,SMF37504939,논산 설향딸기 달콤함 가득 겨울과일,일반,0.7,1,24900.0,17500.0,7400,0.2971887550200803,0,35571.42857142857
YMM251128-00000050,SMF14158451,[사전예약] 초고당도 타이벡 감귤 깜짝 2배 이벤트!,일반,4.5,1,39000.0,29000.0,10000,0.2564102564102564,0,8666.666666666666
YMM251128-00000051,SMF13166336,♥1년 중 20일만 맛 볼 수 있는 고당도 노지 황금향♥,일반,9.0,1,45000.0,30000.0,15000,0.3333333333333333,0,5000.0
YMM251128-00000052,SMF13166336,♥1년 중 20일만 맛 볼 수 있는 고당도 노지 황금향♥,일반,4.5,1,29000.0,20000.0,9000,0.3103448275862069,0,6444.444444444444
YMM251128-00000053,SMF14158451,[사전예약] 초고당도 타이벡 감귤 깜짝 2배 이벤트!,일반,2.5,1,29000.0,19000.0,10000,0.3448275862068966,0,11600.0
YMM251128-00000072,SMF24484057,초고당도 타이벡감귤 2025년 첫 수확,일반,9.0,1,39000.0,29000.0,10000,0.2564102564102564,0,4333.333333333333
YMM251128-00000074,SMF14158451,[사전예약] 초고당도 타이벡 감귤 깜짝 2배 이벤트!,일반,2.5,2,29000.0,19000.0,20000,0.3448275862068966,0,23200.0
YMM251128-00000076,SMF14158451,[사전예약] 초고당도 타이벡 감귤 깜짝 2배 이벤트!,일반,4.5,1,39000.0,29000.0,10000,0.2564102564102564,0,8666.666666666666
YMM251128-00000077,SMF14158451,[사전예약] 초고당도 타이벡 감귤 깜짝 2배 이벤트!,일반,4.5,1,39000.0,29000.0,10000,0.2564102564102564,0,8666.666666666666
YMM251128-00000078,SMF14158451,[사전예약] 초고당도 타이벡 감귤 깜짝 2배 이벤트!,일반,2.5,1,29000.0,19000.0,10000,0.3448275862068966,0,11600.0
YMM251128-00000079,SMF14158451,[사전예약] 초고당도 타이벡 감귤 깜짝 2배 이벤트!,일반,4.5,1,39000.0,29000.0,10000,0.2564102564102564,0,8666.666666666666
YMM251128-00000081,SMF14158451,[사전예약] 초고당도 타이벡 감귤 깜짝 2배 이벤트!,일반,2.5,1,29000.0,19000.0,10000,0.3448275862068966,0,11600.0
YMM251128-00000082,SMF14158451,[사전예약] 초고당도 타이벡 감귤 깜짝 2배 이벤트!,일반,4.5,1,39000.0,29000.0,10000,0.2564102564102564,0,8666.666666666666
YMM251128-00000083,SMF12484491,제주 고당도 신품종 옐로향 유라조생 하우스감귤,소과,3.0,1,49000.0,29000.0,20000,0.40816326530612246,0,16333.333333333334
YMM251128-00000084,SMF14158451,[사전예약] 초고당도 타이벡 감귤 깜짝 2배 이벤트!,일반,4.5,1,39000.0,29000.0,10000,0.2564102564102564,0,8666.666666666666
YMM251128-00000085,SMF14158451,[사전예약] 초고당도 타이벡 감귤 깜짝 2배 이벤트!,일반,4.5,1,39000.0,29000.0,10000,0.2564102564102564,0,8666.666666666666
YMM251128-00000086,SMF13166336,♥1년 중 20일만 맛 볼 수 있는 고당도 노지 황금향♥,일반,4.5,1,29000.0,20000.0,9000,0.3103448275862069,0,6444.444444444444
YMM251129-00000001,SMF14158451,[사전예약] 초고당도 타이벡 감귤 깜짝 2배 이벤트!,일반,2.5,1,29000.0,19000.0,10000,0.3448275862068966,0,11600.0
YMM251129-00000002,SMF13166336,♥1년 중 20일만 맛 볼 수 있는 고당도 노지 황금향♥,일반,9.0,1,45000.0,30000.0,15000,0.3333333333333333,0,5000.0
YMM251129-00000003,SMF14158451,[사전예약] 초고당도 타이벡 감귤 깜짝 2배 이벤트!,일반,4.5,1,39000.0,29000.0,10000,0.2564102564102564,0,8666.666666666666
YMM251129-00000005,SMF14158451,[사전예약] 초고당도 타이벡 감귤 깜짝 2배 이벤트!,일반,2.5,1,29000.0,19000.0,10000,0.3448275862068966,0,11600.0
YMM251129-00000006,SMF45712223,"경남 제철 부유단감 3kg, 5kg",중대과,3.0,1,17000.0,14000.0,3000,0.17647058823529413,0,5666.666666666667
YMM251129-00000007,SMF14158451,[사전예약] 초고당도 타이벡 감귤 깜짝 2배 이벤트!,일반,2.5,1,29000.0,19000.0,10000,0.3448275862068966,0,11600.0
YMM251129-00000008,SMF14158451,[사전예약] 초고당도 타이벡 감귤 깜짝 2배 이벤트!,일반,2.5,1,29000.0,19000.0,10000,0.3448275862068966,0,11600.0
YMM251129-00000009,SMF14158451,[사전예약] 초고당도 타이벡 감귤 깜짝 2배 이벤트!,일반,2.5,1,29000.0,19000.0,10000,0.3448275862068966,0,11600.0
YMM251129-00000010,SMF14158451,[사전예약] 초고당도 타이벡 감귤 깜짝 2배 이벤트!,일반,2.5,1,29000.0,19000.0,10000,0.3448275862068966,0,11600.0
YMM251129-00000011,SMF14158451,[사전예약] 초고당도 타이벡 감귤 깜짝 2배 이벤트!,일반,2.5,1,29000.0,19000.0,10000,0.3448275862068966,0,11600.0
YMM251129-00000012,SMF14158451,[사전예약] 초고당도 타이벡 감귤 깜짝 2배 이벤트!,일반,2.5,1,29000.0,19000.0,10000,0.3448275862068966,0,11600.0
YMM251129-00000013,SMF14158451,[사전예약] 초고당도 타이벡 감귤 깜짝 2배 이벤트!,일반,4.5,1,39000.0,29000.0,10000,0.2564102564102564,0,8666.666666666666
YMM251129-00000014,SMF14158451,[사전예약] 초고당도 타이벡 감귤 깜짝 2배 이벤트!,일반,2.5,2,29000.0,19000.0,20000,0.3448275862068966,0,23200.0
YMM251129-00000015,SMF87201852,초고당도 타이벡감귤 2025년 첫 수확,일반,5.0,1,35000.0,20000.0,15000,0.42857142857142855,0,7000.0
YMM251129-00000016,SMF14158451,[사전예약] 초고당도 타이벡 감귤 깜짝 2배 이벤트!,일반,2.5,1,29000.0,19000.0,10000,0.3448275862068966,0,11600.0
YMM251129-00000017,SMF14158451,[사전예약] 초고당도 타이벡 감귤 깜짝 2배 이벤트!,일반,4.5,1,39000.0,29000.0,10000,0.2564102564102564,0,8666.666666666666
YMM251129-00000019,SMF13166336,♥1년 중 20일만 맛 볼 수 있는 고당도 노지 황금향♥,일반,4.5,1,29000.0,20000.0,9000,0.3103448275862069,0,6444.444444444444
YMM251129-00000022,SMF14158451,[사전예약] 초고당도 타이벡 감귤 깜짝 2배 이벤트!,일반,2.5,1,29000.0,19000.0,10000,0.3448275862068966,0,11600.0
YMM251129-00000023,SMF14158451,[사전예약] 초고당도 타이벡 감귤 깜짝 2배 이벤트!,일반,2.5,1,29000.0,19000.0,10000,0.3448275862068966,0,11600.0
YMM251129-00000024,SMF14158451,[사전예약] 초고당도 타이벡 감귤 깜짝 2배 이벤트!,일반,2.5,1,29000.0,19000.0,10000,0.3448275862068966,0,11600.0
YMM251129-00000026,SMF14158451,[사전예약] 초고당도 타이벡 감귤 깜짝 2배 이벤트!,일반,2.5,1,29000.0,19000.0,10000,0.3448275862068966,0,11600.0
YMM251129-00000027,SMF13166336,♥1년 중 20일만 맛 볼 수 있는 고당도 노지 황금향♥,일반,4.5,1,29000.0,20000.0,9000,0.3103448275862069,0,6444.444444444444
YMM251129-00000029,SMF14158451,[사전예약] 초고당도 타이벡 감귤 깜짝 2배 이벤트!,일반,4.5,1,39000.0,29000.0,10000,0.2564102564102564,0,8666.666666666666
YMM251129-00000030,SMF14158451,[사전예약] 초고당도 타이벡 감귤 깜짝 2배 이벤트!,일반,4.5,1,39000.0,29000.0,10000,0.2564102564102564,0,8666.666666666666
YMM251129-00000031,SMF14158451,[사전예약] 초고당도 타이벡 감귤 깜짝 2배 이벤트!,일반,4.5,1,39000.0,29000.0,10000,0.2564102564102564,0,8666.666666666666
YMM251129-00000032,SMF14158451,[사전예약] 초고당도 타이벡 감귤 깜짝 2배 이벤트!,일반,2.5,1,29000.0,19000.0,10000,0.3448275862068966,0,11600.0
YMM251129-00000034,SMF14158451,[사전예약] 초고당도 타이벡 감귤 깜짝 2배 이벤트!,일반,4.5,1,39000.0,29000.0,10000,0.2564102564102564,0,8666.666666666666
YMM251129-00000036,SMF14158451,[사전예약] 초고당도 타이벡 감귤 깜짝 2배 이벤트!,일반,2.5,1,29000.0,19000.0,10000,0.3448275862068966,0,11600.0
YMM251129-00000039,SMF14158451,[사전예약] 초고당도 타이벡 감귤 깜짝 2배 이벤트!,일반,4.5,1,39000.0,29000.0,10000,0.2564102564102564,0,8666.666666666666
YMM251129-00000040,SMF14158451,[사전예약] 초고당도 타이벡 감귤 깜짝 2배 이벤트!,일반,2.5,1,29000.0,19000.0,10000,0.3448275862068966,0,11600.0
YMM251129-00000041,SMF87201852,초고당도 타이벡감귤 2025년 첫 수확,일반,5.0,1,35000.0,20000.0,15000,0.42857142857142855,0,7000.0
YMM251129-00000042,SMF45712223,"경남 제철 부유단감 3kg, 5kg",소과,3.0,1,15000.0,12000.0,3000,0.2,0,5000.0
YMM251129-00000043,SMF45712223,"경남 제철 부유단감 3kg, 5kg",중대과,5.0,1,23000.0,19000.0,4000,0.17391304347826086,0,4600.0
YMM251129-00000044,SMF14158451,[사전예약] 초고당도 타이벡 감귤 깜짝 2배 이벤트!,일반,2.5,1,29000.0,19000.0,10000,0.3448275862068966,0,11600.0
YMM251129-00000046,SMF14158451,[사전예약] 초고당도 타이벡 감귤 깜짝 2배 이벤트!,일반,4.5,1,39000.0,29000.0,10000,0.2564102564102564,0,8666.666666666666
YMM251129-00000047,SMF14158451,[사전예약] 초고당도 타이벡 감귤 깜짝 2배 이벤트!,일반,2.5,1,29000.0,19000.0,10000,0.3448275862068966,0,11600.0
YMM251129-00000048,SMF14158451,[사전예약] 초고당도 타이벡 감귤 깜짝 2배 이벤트!,일반,4.5,1,39000.0,29000.0,10000,0.2564102564102564,0,8666.666666666666
YMM251129-00000049,SMF14158451,[사전예약] 초고당도 타이벡 감귤 깜짝 2배 이벤트!,일반,2.5,1,29000.0,19000.0,10000,0.3448275862068966,0,11600.0
YMM251130-00000001,SMF13166336,♥1년 중 20일만 맛 볼 수 있는 고당도 노지 황금향♥,일반,4.5,1,29000.0,20000.0,9000,0.3103448275862069,0,6444.444444444444
YMM251130-00000002,SMF24484057,초고당도 타이벡감귤 2025년 첫 수확,일반,9.0,1,39000.0,29000.0,10000,0.2564102564102564,0,4333.333333333333
YMM251130-00000004,SMF14158451,[사전예약] 초고당도 타이벡 감귤 깜짝 2배 이벤트!,일반,2.5,1,29000.0,19000.0,10000,0.3448275862068966,0,11600.0
YMM251130-00000005,SMF14158451,[사전예약] 초고당도 타이벡 감귤 깜짝 2배 이벤트!,일반,4.5,1,39000.0,29000.0,10000,0.2564102564102564,0,8666.666666666666
YMM251130-00000008,SMF13166336,♥1년 중 20일만 맛 볼 수 있는 고당도 노지 황금향♥,일반,9.0,1,45000.0,30000.0,15000,0.3333333333333333,0,5000.0
YMM251130-00000009,SMF13166336,♥1년 중 20일만 맛 볼 수 있는 고당도 노지 황금향♥,일반,4.5,1,29000.0,20000.0,9000,0.3103448275862069,0,6444.444444444444
YMM251130-00000010,SMF87201852,초고당도 타이벡감귤 2025년 첫 수확,일반,5.0,1,35000.0,20000.0,15000,0.42857142857142855,0,7000.0
YMM251130-00000011,SMF14158451,[사전예약] 초고당도 타이벡 감귤 깜짝 2배 이벤트!,일반,4.5,1,39000.0,29000.0,10000,0.2564102564102564,0,8666.666666666666
YMM251130-00000012,SMF13166336,♥1년 중 20일만 맛 볼 수 있는 고당도 노지 황금향♥,일반,9.0,1,45000.0,30000.0,15000,0.3333333333333333,0,5000.0
YMM251130-00000013,SMF14158451,[사전예약] 초고당도 타이벡 감귤 깜짝 2배 이벤트!,일반,4.5,1,39000.0,29000.0,10000,0.2564102564102564,0,8666.666666666666
YMM251130-00000014,SMF14158451,[사전예약] 초고당도 타이벡 감귤 깜짝 2배 이벤트!,일반,2.5,1,29000.0,19000.0,10000,0.3448275862068966,0,11600.0
YMM251130-00000015,SMF14158451,[사전예약] 초고당도 타이벡 감귤 깜짝 2배 이벤트!,일반,2.5,1,29000.0,19000.0,10000,0.3448275862068966,0,11600.0
YMM251130-00000016,SMF13166336,♥1년 중 20일만 맛 볼 수 있는 고당도 노지 황금향♥,일반,4.5,1,29000.0,20000.0,9000,0.3103448275862069,0,6444.444444444444
YMM251130-00000017,SMF14158451,[사전예약] 초고당도 타이벡 감귤 깜짝 2배 이벤트!,일반,4.5,1,39000.0,29000.0,10000,0.2564102564102564,0,8666.666666666666
YMM251130-00000019,SMF14158451,[사전예약] 초고당도 타이벡 감귤 깜짝 2배 이벤트!,일반,4.5,1,39000.0,29000.0,10000,0.2564102564102564,0,8666.666666666666
YMM251130-00000020,SMF14158451,[사전예약] 초고당도 타이벡 감귤 깜짝 2배 이벤트!,일반,4.5,1,39000.0,29000.0,10000,0.2564102564102564,0,8666.666666666666
YMM251130-00000021,SMF14158451,[사전예약] 초고당도 타이벡 감귤 깜짝 2배 이벤트!,일반,4.5,1,39000.0,29000.0,10000,0.2564102564102564,0,8666.666666666666
YMM251130-00000022,SMF14158451,[사전예약] 초고당도 타이벡 감귤 깜짝 2배 이벤트!,일반,4.5,1,39000.0,29000.0,10000,0.2564102564102564,0,8666.666666666666
YMM251130-00000023,SMF14158451,[사전예약] 초고당도 타이벡 감귤 깜짝 2배 이벤트!,일반,4.5,1,39000.0,29000.0,10000,0.2564102564102564,0,8666.666666666666
YMM251130-00000024,SMF14158451,[사전예약] 초고당도 타이벡 감귤 깜짝 2배 이벤트!,일반,2.5,1,29000.0,19000.0,10000,0.3448275862068966,0,11600.0
YMM251130-00000025,SMF14158451,[사전예약] 초고당도 타이벡 감귤 깜짝 2배 이벤트!,일반,2.5,1,29000.0,19000.0,10000,0.3448275862068966,0,11600.0
YMM251130-00000026,SMF14158451,[사전예약] 초고당도 타이벡 감귤 깜짝 2배 이벤트!,일반,2.5,1,29000.0,19000.0,10000,0.3448275862068966,0,11600.0
YMM251130-00000027,SMF14158451,[사전예약] 초고당도 타이벡 감귤 깜짝 2배 이벤트!,일반,4.5,1,39000.0,29000.0,10000,0.2564102564102564,0,8666.666666666666
YMM251130-00000029,SMF14158451,[사전예약] 초고당도 타이벡 감귤 깜짝 2배 이벤트!,일반,4.5,1,39000.0,29000.0,10000,0.2564102564102564,0,8666.666666666666
YMM251130-00000030,SMF14158451,[사전예약] 초고당도 타이벡 감귤 깜짝 2배 이벤트!,일반,2.5,1,29000.0,19000.0,10000,0.3448275862068966,0,11600.0
YMM251130-00000031,SMF14158451,[사전예약] 초고당도 타이벡 감귤 깜짝 2배 이벤트!,일반,2.5,1,29000.0,19000.0,10000,0.3448275862068966,0,11600.0
YMM251130-00000032,SMF14158451,[사전예약] 초고당도 타이벡 감귤 깜짝 2배 이벤트!,일반,4.5,1,39000.0,29000.0,10000,0.2564102564102564,0,8666.666666666666
YMM251130-00000033,SMF14158451,[사전예약] 초고당도 타이벡 감귤 깜짝 2배 이벤트!,일반,4.5,1,39000.0,29000.0,10000,0.2564102564102564,0,8666.666666666666
YMM251130-00000034,SMF14158451,[사전예약] 초고당도 타이벡 감귤 깜짝 2배 이벤트!,일반,4.5,1,39000.0,29000.0,10000,0.2564102564102564,0,8666.666666666666
YMM251130-00000035,SMF14158451,[사전예약] 초고당도 타이벡 감귤 깜짝 2배 이벤트!,일반,4.5,1,39000.0,29000.0,10000,0.2564102564102564,0,8666.666666666666
YMM251130-00000036,SMF14158451,[사전예약] 초고당도 타이벡 감귤 깜짝 2배 이벤트!,일반,2.5,1,29000.0,19000.0,10000,0.3448275862068966,0,11600.0
YMM251130-00000037,SMF14158451,[사전예약] 초고당도 타이벡 감귤 깜짝 2배 이벤트!,일반,2.5,1,29000.0,19000.0,10000,0.3448275862068966,0,11600.0
YMM251130-00000038,SMF14158451,[사전예약] 초고당도 타이벡 감귤 깜짝 2배 이벤트!,일반,2.5,1,29000.0,19000.0,10000,0.3448275862068966,0,11600.0
YMM251130-00000039,SMF14158451,[사전예약] 초고당도 타이벡 감귤 깜짝 2배 이벤트!,일반,2.5,1,29000.0,19000.0,10000,0.3448275862068966,0,11600.0
YMM251130-00000040,SMF14158451,[사전예약] 초고당도 타이벡 감귤 깜짝 2배 이벤트!,일반,4.5,1,39000.0,29000.0,10000,0.2564102564102564,0,8666.666666666666
YMM251130-00000041,SMF14158451,[사전예약] 초고당도 타이벡 감귤 깜짝 2배 이벤트!,일반,2.5,1,29000.0,19000.0,10000,0.3448275862068966,0,11600.0
YMM251130-00000042,SMF14158451,[사전예약] 초고당도 타이벡 감귤 깜짝 2배 이벤트!,일반,2.5,1,29000.0,19000.0,10000,0.3448275862068966,0,11600.0
YMM251130-00000043,SMF14158451,[사전예약] 초고당도 타이벡 감귤 깜짝 2배 이벤트!,일반,2.5,1,29000.0,19000.0,10000,0.3448275862068966,0,11600.0
YMM251130-00000044,SMF37504939,논산 설향딸기 달콤함 가득 겨울과일,일반,0.7,4,24900.0,17500.0,29600,0.2971887550200803,0,142285.7142857143
YMM251130-00000045,SMF14158451,[사전예약] 초고당도 타이벡 감귤 깜짝 2배 이벤트!,일반,4.5,1,39000.0,29000.0,10000,0.2564102564102564,0,8666.666666666666
YMM251130-00000046,SMF14158451,[사전예약] 초고당도 타이벡 감귤 깜짝 2배 이벤트!,일반,2.5,1,29000.0,19000.0,10000,0.3448275862068966,0,11600.0
YMM251130-00000047,SMF13166336,♥1년 중 20일만 맛 볼 수 있는 고당도 노지 황금향♥,일반,4.5,1,29000.0,20000.0,9000,0.3103448275862069,0,6444.444444444444
YMM251130-00000048,SMF37504939,논산 설향딸기 달콤함 가득 겨울과일,일반,0.7,1,24900.0,17500.0,7400,0.2971887550200803,0,35571.42857142857
YMM251130-00000050,SMF14158451,[사전예약] 초고당도 타이벡 감귤 깜짝 2배 이벤트!,일반,4.5,1,39000.0,29000.0,10000,0.2564102564102564,0,8666.666666666666
YMM251130-00000051,SMF87201852,초고당도 타이벡감귤 2025년 첫 수확,일반,9.0,1,55000.0,29000.0,26000,0.4727272727272727,0,6111.111111111111
YMM251201-00000001,SMF14158451,[사전예약] 초고당도 타이벡 감귤 깜짝 2배 이벤트!,일반,4.5,1,39000.0,29000.0,10000,0.2564102564102564,0,8666.666666666666
YMM251201-00000002,SMF14158451,[사전예약] 초고당도 타이벡 감귤 깜짝 2배 이벤트!,일반,2.5,1,29000.0,19000.0,10000,0.3448275862068966,0,11600.0
YMM251201-00000003,SMF14158451,[사전예약] 초고당도 타이벡 감귤 깜짝 2배 이벤트!,일반,2.5,1,29000.0,19000.0,10000,0.3448275862068966,0,11600.0
YMM251201-00000004,SMF14158451,[사전예약] 초고당도 타이벡 감귤 깜짝 2배 이벤트!,일반,4.5,1,39000.0,29000.0,10000,0.2564102564102564,0,8666.666666666666
YMM251201-00000005,SMF14158451,[사전예약] 초고당도 타이벡 감귤 깜짝 2배 이벤트!,일반,4.5,1,39000.0,29000.0,10000,0.2564102564102564,0,8666.666666666666
YMM251201-00000006,SMF14158451,[사전예약] 초고당도 타이벡 감귤 깜짝 2배 이벤트!,일반,4.5,1,39000.0,29000.0,10000,0.2564102564102564,0,8666.666666666666
YMM251201-00000009,SMF14158451,[사전예약] 초고당도 타이벡 감귤 깜짝 2배 이벤트!,일반,2.5,1,29000.0,19000.0,10000,0.3448275862068966,0,11600.0
YMM251201-00000011,SMF14158451,[사전예약] 초고당도 타이벡 감귤 깜짝 2배 이벤트!,일반,4.5,1,39000.0,29000.0,10000,0.2564102564102564,0,8666.666666666666
YMM251201-00000012,SMF14158451,[사전예약] 초고당도 타이벡 감귤 깜짝 2배 이벤트!,일반,4.5,1,39000.0,29000.0,10000,0.2564102564102564,0,8666.666666666666
YMM251201-00000013,SMF37504939,논산 설향딸기 달콤함 가득 겨울과일,일반,0.7,1,24900.0,17500.0,7400,0.2971887550200803,0,35571.42857142857
YMM251201-00000016,SMF14158451,[사전예약] 초고당도 타이벡 감귤 깜짝 2배 이벤트!,일반,2.5,1,29000.0,19000.0,10000,0.3448275862068966,0,11600.0
YMM251201-00000017,SMF13166336,♥1년 중 20일만 맛 볼 수 있는 고당도 노지 황금향♥,일반,4.5,1,29000.0,20000.0,9000,0.3103448275862069,0,6444.444444444444
YMM251201-00000018,SMF13166336,♥1년 중 20일만 맛 볼 수 있는 고당도 노지 황금향♥,일반,4.5,1,29000.0,20000.0,9000,0.3103448275862069,0,6444.444444444444
YMM251201-00000019,SMF13166336,♥1년 중 20일만 맛 볼 수 있는 고당도 노지 황금향♥,일반,4.5,1,29000.0,20000.0,9000,0.3103448275862069,0,6444.444444444444
YMM251201-00000020,SMF13166336,♥1년 중 20일만 맛 볼 수 있는 고당도 노지 황금향♥,일반,4.5,1,29000.0,20000.0,9000,0.3103448275862069,0,6444.444444444444
YMM251201-00000021,SMF13166336,♥1년 중 20일만 맛 볼 수 있는 고당도 노지 황금향♥,일반,4.5,1,29000.0,20000.0,9000,0.3103448275862069,0,6444.444444444444
YMM251201-00000022,SMF13166336,♥1년 중 20일만 맛 볼 수 있는 고당도 노지 황금향♥,일반,4.5,1,29000.0,20000.0,9000,0.3103448275862069,0,6444.444444444444
YMM251201-00000023,SMF13166336,♥1년 중 20일만 맛 볼 수 있는 고당도 노지 황금향♥,일반,4.5,1,29000.0,20000.0,9000,0.3103448275862069,0,6444.444444444444
YMM251201-00000024,SMF13166336,♥1년 중 20일만 맛 볼 수 있는 고당도 노지 황금향♥,일반,4.5,1,29000.0,20000.0,9000,0.3103448275862069,0,6444.444444444444
YMM251201-00000025,SMF14158451,[사전예약] 초고당도 타이벡 감귤 깜짝 2배 이벤트!,일반,4.5,1,39000.0,29000.0,10000,0.2564102564102564,0,8666.666666666666
YMM251201-00000026,SMF13166336,♥1년 중 20일만 맛 볼 수 있는 고당도 노지 황금향♥,일반,4.5,1,29000.0,20000.0,9000,0.3103448275862069,0,6444.444444444444
YMM251201-00000027,SMF13166336,♥1년 중 20일만 맛 볼 수 있는 고당도 노지 황금향♥,일반,4.5,1,29000.0,20000.0,9000,0.3103448275862069,0,6444.444444444444
YMM251201-00000028,SMF13166336,♥1년 중 20일만 맛 볼 수 있는 고당도 노지 황금향♥,일반,4.5,1,29000.0,20000.0,9000,0.3103448275862069,0,6444.444444444444
YMM251201-00000029,SMF13166336,♥1년 중 20일만 맛 볼 수 있는 고당도 노지 황금향♥,일반,4.5,1,29000.0,20000.0,9000,0.3103448275862069,0,6444.444444444444
YMM251201-00000030,SMF14158451,[사전예약] 초고당도 타이벡 감귤 깜짝 2배 이벤트!,일반,4.5,1,39000.0,29000.0,10000,0.2564102564102564,0,8666.666666666666
YMM251201-00000031,SMF13166336,♥1년 중 20일만 맛 볼 수 있는 고당도 노지 황금향♥,일반,4.5,1,29000.0,20000.0,9000,0.3103448275862069,0,6444.444444444444
YMM251201-00000032,SMF13166336,♥1년 중 20일만 맛 볼 수 있는 고당도 노지 황금향♥,일반,4.5,1,29000.0,20000.0,9000,0.3103448275862069,0,6444.444444444444
YMM251201-00000033,SMF13166336,♥1년 중 20일만 맛 볼 수 있는 고당도 노지 황금향♥,일반,4.5,1,29000.0,20000.0,9000,0.3103448275862069,0,6444.444444444444
YMM251201-00000035,SMF13166336,♥1년 중 20일만 맛 볼 수 있는 고당도 노지 황금향♥,일반,4.5,1,29000.0,20000.0,9000,0.3103448275862069,0,6444.444444444444
YMM251201-00000036,SMF14158451,[사전예약] 초고당도 타이벡 감귤 깜짝 2배 이벤트!,일반,4.5,1,39000.0,29000.0,10000,0.2564102564102564,0,8666.666666666666
YMM251201-00000037,SMF13166336,♥1년 중 20일만 맛 볼 수 있는 고당도 노지 황금향♥,일반,4.5,1,29000.0,20000.0,9000,0.3103448275862069,0,6444.444444444444
YMM251201-00000039,SMF13166336,♥1년 중 20일만 맛 볼 수 있는 고당도 노지 황금향♥,일반,4.5,1,29000.0,20000.0,9000,0.3103448275862069,0,6444.444444444444
YMM251201-00000040,SMF14158451,[사전예약] 초고당도 타이벡 감귤 깜짝 2배 이벤트!,일반,4.5,1,39000.0,29000.0,10000,0.2564102564102564,0,8666.666666666666
YMM251201-00000041,SMF13166336,♥1년 중 20일만 맛 볼 수 있는 고당도 노지 황금향♥,일반,4.5,1,29000.0,20000.0,9000,0.3103448275862069,0,6444.444444444444
YMM251201-00000042,SMF13166336,♥1년 중 20일만 맛 볼 수 있는 고당도 노지 황금향♥,일반,9.0,1,45000.0,30000.0,15000,0.3333333333333333,0,5000.0
YMM251201-00000043,SMF14158451,[사전예약] 초고당도 타이벡 감귤 깜짝 2배 이벤트!,일반,2.5,1,29000.0,19000.0,10000,0.3448275862068966,0,11600.0
YMM251201-00000046,SMF14158451,[사전예약] 초고당도 타이벡 감귤 깜짝 2배 이벤트!,일반,2.5,1,29000.0,19000.0,10000,0.3448275862068966,0,11600.0
YMM251201-00000047,SMF14158451,[사전예약] 초고당도 타이벡 감귤 깜짝 2배 이벤트!,일반,2.5,1,29000.0,19000.0,10000,0.3448275862068966,0,11600.0
YMM251201-00000048,SMF14158451,[사전예약] 초고당도 타이벡 감귤 깜짝 2배 이벤트!,일반,2.5,1,29000.0,19000.0,10000,0.3448275862068966,0,11600.0
YMM251201-00000049,SMF14158451,[사전예약] 초고당도 타이벡 감귤 깜짝 2배 이벤트!,일반,2.5,1,29000.0,19000.0,10000,0.3448275862068966,0,11600.0
YMM251201-00000050,SMF14158451,[사전예약] 초고당도 타이벡 감귤 깜짝 2배 이벤트!,일반,4.5,1,39000.0,29000.0,10000,0.2564102564102564,0,8666.666666666666
YMM251201-00000051,SMF14158451,[사전예약] 초고당도 타이벡 감귤 깜짝 2배 이벤트!,일반,4.5,1,39000.0,29000.0,10000,0.2564102564102564,0,8666.666666666666
YMM251201-00000052,SMF14158451,[사전예약] 초고당도 타이벡 감귤 깜짝 2배 이벤트!,일반,4.5,2,39000.0,29000.0,20000,0.2564102564102564,0,17333.333333333332
YMM251201-00000053,SMF14158451,[사전예약] 초고당도 타이벡 감귤 깜짝 2배 이벤트!,일반,2.5,1,29000.0,19000.0,10000,0.3448275862068966,0,11600.0
YMM251201-00000054,SMF14158451,[사전예약] 초고당도 타이벡 감귤 깜짝 2배 이벤트!,일반,4.5,1,39000.0,29000.0,10000,0.2564102564102564,0,8666.666666666666
YMM251201-00000055,SMF14158451,[사전예약] 초고당도 타이벡 감귤 깜짝 2배 이벤트!,일반,4.5,1,39000.0,29000.0,10000,0.2564102564102564,0,8666.666666666666
YMM251201-00000056,SMF14158451,[사전예약] 초고당도 타이벡 감귤 깜짝 2배 이벤트!,일반,4.5,1,39000.0,29000.0,10000,0.2564102564102564,0,8666.666666666666
YMM251201-00000057,SMF14158451,[사전예약] 초고당도 타이벡 감귤 깜짝 2배 이벤트!,일반,4.5,1,39000.0,29000.0,10000,0.2564102564102564,0,8666.666666666666
YMM251201-00000058,SMF13166336,♥1년 중 20일만 맛 볼 수 있는 고당도 노지 황금향♥,일반,4.5,4,29000.0,20000.0,36000,0.3103448275862069,0,25777.777777777777
YMM251201-00000059,SMF14158451,[사전예약] 초고당도 타이벡 감귤 깜짝 2배 이벤트!,일반,2.5,1,29000.0,19000.0,10000,0.3448275862068966,0,11600.0
YMM251201-00000060,SMF13166336,♥1년 중 20일만 맛 볼 수 있는 고당도 노지 황금향♥,일반,4.5,1,29000.0,20000.0,9000,0.3103448275862069,0,6444.444444444444
YMM251201-00000061,SMF14158451,[사전예약] 초고당도 타이벡 감귤 깜짝 2배 이벤트!,일반,4.5,1,39000.0,29000.0,10000,0.2564102564102564,0,8666.666666666666
YMM251201-00000062,SMF14158451,[사전예약] 초고당도 타이벡 감귤 깜짝 2배 이벤트!,일반,4.5,1,39000.0,29000.0,10000,0.2564102564102564,0,8666.666666666666
YMM251201-00000063,SMF14158451,[사전예약] 초고당도 타이벡 감귤 깜짝 2배 이벤트!,일반,4.5,1,39000.0,29000.0,10000,0.2564102564102564,0,8666.666666666666
YMM251201-00000064,SMF14158451,[사전예약] 초고당도 타이벡 감귤 깜짝 2배 이벤트!,일반,4.5,1,39000.0,29000.0,10000,0.2564102564102564,0,8666.666666666666
YMM251201-00000066,SMF14158451,[사전예약] 초고당도 타이벡 감귤 깜짝 2배 이벤트!,일반,4.5,1,39000.0,29000.0,10000,0.2564102564102564,0,8666.666666666666
YMM251201-00000067,SMF13166336,♥1년 중 20일만 맛 볼 수 있는 고당도 노지 황금향♥,일반,4.5,1,29000.0,20000.0,9000,0.3103448275862069,0,6444.444444444444
YMM251201-00000068,SMF14158451,[사전예약] 초고당도 타이벡 감귤 깜짝 2배 이벤트!,일반,2.5,1,29000.0,19000.0,10000,0.3448275862068966,0,11600.0
YMM251201-00000069,SMF14158451,[사전예약] 초고당도 타이벡 감귤 깜짝 2배 이벤트!,일반,2.5,1,29000.0,19000.0,10000,0.3448275862068966,0,11600.0
YMM251201-00000070,SMF87201852,초고당도 타이벡감귤 2025년 첫 수확,일반,5.0,1,35000.0,20000.0,15000,0.42857142857142855,0,7000.0
YMM251201-00000073,SMF14158451,[사전예약] 초고당도 타이벡 감귤 깜짝 2배 이벤트!,일반,4.5,1,39000.0,29000.0,10000,0.2564102564102564,0,8666.666666666666
YMM251201-00000074,SMF13166336,♥1년 중 20일만 맛 볼 수 있는 고당도 노지 황금향♥,일반,4.5,1,29000.0,20000.0,9000,0.3103448275862069,0,6444.444444444444
YMM251201-00000075,SMF14158451,[사전예약] 초고당도 타이벡 감귤 깜짝 2배 이벤트!,일반,2.5,1,29000.0,19000.0,10000,0.3448275862068966,0,11600.0
YMM251201-00000076,SMF14158451,[사전예약] 초고당도 타이벡 감귤 깜짝 2배 이벤트!,일반,4.5,1,39000.0,29000.0,10000,0.2564102564102564,0,8666.666666666666
YMM251201-00000077,SMF87201852,초고당도 타이벡감귤 2025년 첫 수확,일반,5.0,1,35000.0,20000.0,15000,0.42857142857142855,0,7000.0
YMM251201-00000078,SMF14158451,[사전예약] 초고당도 타이벡 감귤 깜짝 2배 이벤트!,일반,4.5,1,39000.0,29000.0,10000,0.2564102564102564,0,8666.666666666666
YMM251201-00000079,SMF14158451,[사전예약] 초고당도 타이벡 감귤 깜짝 2배 이벤트!,일반,2.5,1,29000.0,19000.0,10000,0.3448275862068966,0,11600.0
YMM251201-00000080,SMF13166336,♥1년 중 20일만 맛 볼 수 있는 고당도 노지 황금향♥,일반,4.5,1,29000.0,20000.0,9000,0.3103448275862069,0,6444.444444444444
YMM251201-00000081,SMF14158451,[사전예약] 초고당도 타이벡 감귤 깜짝 2배 이벤트!,일반,4.5,1,39000.0,29000.0,10000,0.2564102564102564,0,8666.666666666666
YMM251201-00000082,SMF14158451,[사전예약] 초고당도 타이벡 감귤 깜짝 2배 이벤트!,일반,4.5,1,39000.0,29000.0,10000,0.2564102564102564,0,8666.666666666666
YMM251201-00000083,SMF14158451,[사전예약] 초고당도 타이벡 감귤 깜짝 2배 이벤트!,일반,2.5,1,29000.0,19000.0,10000,0.3448275862068966,0,11600.0
YMM251201-00000084,SMF14158451,[사전예약] 초고당도 타이벡 감귤 깜짝 2배 이벤트!,일반,4.5,1,39000.0,29000.0,10000,0.2564102564102564,0,8666.666666666666
YMM251201-00000085,SMF14158451,[사전예약] 초고당도 타이벡 감귤 깜짝 2배 이벤트!,일반,4.5,1,39000.0,29000.0,10000,0.2564102564102564,0,8666.666666666666
YMM251201-00000086,SMF14158451,[사전예약] 초고당도 타이벡 감귤 깜짝 2배 이벤트!,일반,4.5,1,39000.0,29000.0,10000,0.2564102564102564,0,8666.666666666666
YMM251201-00000087,SMF14158451,[사전예약] 초고당도 타이벡 감귤 깜짝 2배 이벤트!,일반,4.5,1,39000.0,29000.0,10000,0.2564102564102564,0,8666.666666666666
YMM251201-00000088,SMF14158451,[사전예약] 초고당도 타이벡 감귤 깜짝 2배 이벤트!,일반,4.5,1,39000.0,29000.0,10000,0.2564102564102564,0,8666.666666666666
YMM251201-00000089,SMF14158451,[사전예약] 초고당도 타이벡 감귤 깜짝 2배 이벤트!,일반,4.5,1,39000.0,29000.0,10000,0.2564102564102564,0,8666.666666666666
YMM251201-00000090,SMF14158451,[사전예약] 초고당도 타이벡 감귤 깜짝 2배 이벤트!,일반,2.5,2,29000.0,19000.0,20000,0.3448275862068966,0,23200.0
YMM251201-00000091,SMF14158451,[사전예약] 초고당도 타이벡 감귤 깜짝 2배 이벤트!,일반,4.5,1,39000.0,29000.0,10000,0.2564102564102564,0,8666.666666666666
YMM251201-00000092,SMF14158451,[사전예약] 초고당도 타이벡 감귤 깜짝 2배 이벤트!,일반,4.5,1,39000.0,29000.0,10000,0.2564102564102564,0,8666.666666666666
YMM251201-00000093,SMF14158451,[사전예약] 초고당도 타이벡 감귤 깜짝 2배 이벤트!,일반,4.5,1,39000.0,29000.0,10000,0.2564102564102564,0,8666.666666666666
YMM251201-00000094,SMF13166336,♥1년 중 20일만 맛 볼 수 있는 고당도 노지 황금향♥,일반,9.0,1,45000.0,30000.0,15000,0.3333333333333333,0,5000.0
YMM251202-00000001,SMF13166336,♥1년 중 20일만 맛 볼 수 있는 고당도 노지 황금향♥,일반,4.5,1,29000.0,20000.0,9000,0.3103448275862069,0,6444.444444444444
YMM251202-00000002,SMF14158451,[사전예약] 초고당도 타이벡 감귤 깜짝 2배 이벤트!,일반,4.5,1,39000.0,29000.0,10000,0.2564102564102564,0,8666.666666666666
YMM251202-00000003,SMF14158451,[사전예약] 초고당도 타이벡 감귤 깜짝 2배 이벤트!,일반,4.5,1,39000.0,29000.0,10000,0.2564102564102564,0,8666.666666666666
YMM251202-00000004,SMF14158451,[사전예약] 초고당도 타이벡 감귤 깜짝 2배 이벤트!,일반,4.5,2,39000.0,29000.0,20000,0.2564102564102564,0,17333.333333333332
YMM251202-00000005,SMF14158451,[사전예약] 초고당도 타이벡 감귤 깜짝 2배 이벤트!,일반,4.5,1,39000.0,29000.0,10000,0.2564102564102564,0,8666.666666666666
YMM251202-00000006,SMF14158451,[사전예약] 초고당도 타이벡 감귤 깜짝 2배 이벤트!,일반,4.5,1,39000.0,29000.0,10000,0.2564102564102564,0,8666.666666666666
YMM251202-00000007,SMF13166336,♥1년 중 20일만 맛 볼 수 있는 고당도 노지 황금향♥,일반,4.5,1,29000.0,20000.0,9000,0.3103448275862069,0,6444.444444444444
YMM251202-00000010,SMF13166336,♥1년 중 20일만 맛 볼 수 있는 고당도 노지 황금향♥,일반,9.0,1,45000.0,30000.0,15000,0.3333333333333333,0,5000.0
YMM251202-00000011,SMF14158451,[사전예약] 초고당도 타이벡 감귤 깜짝 2배 이벤트!,일반,4.5,1,39000.0,29000.0,10000,0.2564102564102564,0,8666.666666666666
YMM251202-00000012,SMF14158451,[사전예약] 초고당도 타이벡 감귤 깜짝 2배 이벤트!,일반,4.5,1,39000.0,29000.0,10000,0.2564102564102564,0,8666.666666666666
YMM251202-00000013,SMF14158451,[사전예약] 초고당도 타이벡 감귤 깜짝 2배 이벤트!,일반,4.5,1,39000.0,29000.0,10000,0.2564102564102564,0,8666.666666666666
YMM251202-00000014,SMF37504939,논산 설향딸기 달콤함 가득 겨울과일,일반,0.7,1,24900.0,17500.0,7400,0.2971887550200803,0,35571.42857142857
YMM251202-00000015,SMF14158451,[사전예약] 초고당도 타이벡 감귤 깜짝 2배 이벤트!,일반,4.5,1,39000.0,29000.0,10000,0.2564102564102564,0,8666.666666666666
YMM251202-00000016,SMF13166336,♥1년 중 20일만 맛 볼 수 있는 고당도 노지 황금향♥,일반,4.5,1,29000.0,20000.0,9000,0.3103448275862069,0,6444.444444444444
YMM251202-00000017,SMF13166336,♥1년 중 20일만 맛 볼 수 있는 고당도 노지 황금향♥,일반,4.5,1,29000.0,20000.0,9000,0.3103448275862069,0,6444.444444444444
YMM251202-00000018,SMF14158451,[사전예약] 초고당도 타이벡 감귤 깜짝 2배 이벤트!,일반,4.5,1,39000.0,29000.0,10000,0.2564102564102564,0,8666.666666666666
YMM251202-00000019,SMF14158451,[사전예약] 초고당도 타이벡 감귤 깜짝 2배 이벤트!,일반,2.5,1,29000.0,19000.0,10000,0.3448275862068966,0,11600.0
YMM251202-00000020,SMF14158451,[사전예약] 초고당도 타이벡 감귤 깜짝 2배 이벤트!,일반,2.5,1,29000.0,19000.0,10000,0.3448275862068966,0,11600.0
YMM251202-00000022,SMF37504939,논산 설향딸기 달콤함 가득 겨울과일,일반,0.7,2,24900.0,17500.0,14800,0.2971887550200803,0,71142.85714285714
YMM251202-00000027,SMF14158451,[사전예약] 초고당도 타이벡 감귤 깜짝 2배 이벤트!,일반,2.5,1,29000.0,19000.0,10000,0.3448275862068966,0,11600.0
YMM251202-00000028,SMF14158451,[사전예약] 초고당도 타이벡 감귤 깜짝 2배 이벤트!,일반,4.5,1,39000.0,29000.0,10000,0.2564102564102564,0,8666.666666666666
YMM251202-00000029,SMF37504939,논산 설향딸기 달콤함 가득 겨울과일,일반,0.7,1,24900.0,17500.0,7400,0.2971887550200803,0,35571.42857142857
YMM251202-00000030,SMF13166336,♥1년 중 20일만 맛 볼 수 있는 고당도 노지 황금향♥,일반,4.5,1,29000.0,20000.0,9000,0.3103448275862069,0,6444.444444444444
YMM251202-00000031,SMF14158451,[사전예약] 초고당도 타이벡 감귤 깜짝 2배 이벤트!,일반,2.5,1,29000.0,19000.0,10000,0.3448275862068966,0,11600.0
YMM251202-00000032,SMF13166336,♥1년 중 20일만 맛 볼 수 있는 고당도 노지 황금향♥,일반,9.0,1,45000.0,30000.0,15000,0.3333333333333333,0,5000.0
YMM251202-00000033,SMF14158451,[사전예약] 초고당도 타이벡 감귤 깜짝 2배 이벤트!,일반,4.5,1,39000.0,29000.0,10000,0.2564102564102564,0,8666.666666666666
YMM251202-00000034,SMF14158451,[사전예약] 초고당도 타이벡 감귤 깜짝 2배 이벤트!,일반,4.5,1,39000.0,29000.0,10000,0.2564102564102564,0,8666.666666666666
YMM251202-00000035,SMF14158451,[사전예약] 초고당도 타이벡 감귤 깜짝 2배 이벤트!,일반,4.5,1,39000.0,29000.0,10000,0.2564102564102564,0,8666.666666666666
YMM251202-00000036,SMF87201852,초고당도 타이벡감귤 2025년 첫 수확,일반,5.0,1,35000.0,20000.0,15000,0.42857142857142855,0,7000.0
YMM251202-00000037,SMF14158451,[사전예약] 초고당도 타이벡 감귤 깜짝 2배 이벤트!,일반,2.5,1,29000.0,19000.0,10000,0.3448275862068966,0,11600.0
YMM251202-00000039,SMF13166336,♥1년 중 20일만 맛 볼 수 있는 고당도 노지 황금향♥,일반,9.0,1,45000.0,30000.0,15000,0.3333333333333333,0,5000.0
YMM251202-00000040,SMF37504939,논산 설향딸기 달콤함 가득 겨울과일,일반,0.7,1,24900.0,17500.0,7400,0.2971887550200803,0,35571.42857142857
YMM251202-00000044,SMF14158451,[사전예약] 초고당도 타이벡 감귤 깜짝 2배 이벤트!,일반,2.5,1,29000.0,19000.0,10000,0.3448275862068966,0,11600.0
YMM251202-00000045,SMF14158451,[사전예약] 초고당도 타이벡 감귤 깜짝 2배 이벤트!,일반,4.5,1,39000.0,29000.0,10000,0.2564102564102564,0,8666.666666666666
YMM251202-00000046,SMF14158451,[사전예약] 초고당도 타이벡 감귤 깜짝 2배 이벤트!,일반,4.5,1,39000.0,29000.0,10000,0.2564102564102564,0,8666.666666666666
YMM251202-00000047,SMF14158451,[사전예약] 초고당도 타이벡 감귤 깜짝 2배 이벤트!,일반,4.5,1,39000.0,29000.0,10000,0.2564102564102564,0,8666.666666666666
YMM251202-00000048,SMF37504939,논산 설향딸기 달콤함 가득 겨울과일,일반,0.7,1,24900.0,17500.0,7400,0.2971887550200803,0,35571.42857142857
YMM251202-00000049,SMF14158451,[사전예약] 초고당도 타이벡 감귤 깜짝 2배 이벤트!,일반,4.5,1,39000.0,29000.0,10000,0.2564102564102564,0,8666.666666666666
YMM251202-00000051,SMF14158451,[사전예약] 초고당도 타이벡 감귤 깜짝 2배 이벤트!,일반,4.5,1,39000.0,29000.0,10000,0.2564102564102564,0,8666.666666666666
YMM251202-00000053,SMF14158451,[사전예약] 초고당도 타이벡 감귤 깜짝 2배 이벤트!,일반,2.5,1,29000.0,19000.0,10000,0.3448275862068966,0,11600.0
YMM251202-00000054,SMF14158451,[사전예약] 초고당도 타이벡 감귤 깜짝 2배 이벤트!,일반,2.5,1,29000.0,19000.0,10000,0.3448275862068966,0,11600.0
YMM251202-00000056,SMF14158451,[사전예약] 초고당도 타이벡 감귤 깜짝 2배 이벤트!,일반,2.5,1,29000.0,19000.0,10000,0.3448275862068966,0,11600.0
YMM251202-00000060,SMF13166336,♥1년 중 20일만 맛 볼 수 있는 고당도 노지 황금향♥,일반,4.5,1,29000.0,20000.0,9000,0.3103448275862069,0,6444.444444444444
YMM251202-00000061,SMF13166336,♥1년 중 20일만 맛 볼 수 있는 고당도 노지 황금향♥,일반,4.5,1,29000.0,20000.0,9000,0.3103448275862069,0,6444.444444444444
YMM251202-00000062,SMF14158451,[사전예약] 초고당도 타이벡 감귤 깜짝 2배 이벤트!,일반,4.5,1,39000.0,29000.0,10000,0.2564102564102564,0,8666.666666666666
YMM251202-00000063,SMF14158451,[사전예약] 초고당도 타이벡 감귤 깜짝 2배 이벤트!,일반,4.5,1,39000.0,29000.0,10000,0.2564102564102564,0,8666.666666666666
YMM251202-00000064,SMF14158451,[사전예약] 초고당도 타이벡 감귤 깜짝 2배 이벤트!,일반,4.5,1,39000.0,29000.0,10000,0.2564102564102564,0,8666.666666666666
YMM251202-00000065,SMF14158451,[사전예약] 초고당도 타이벡 감귤 깜짝 2배 이벤트!,일반,4.5,1,39000.0,29000.0,10000,0.2564102564102564,0,8666.666666666666
YMM251202-00000066,SMF14158451,[사전예약] 초고당도 타이벡 감귤 깜짝 2배 이벤트!,일반,4.5,1,39000.0,29000.0,10000,0.2564102564102564,0,8666.666666666666
YMM251202-00000067,SMF14158451,[사전예약] 초고당도 타이벡 감귤 깜짝 2배 이벤트!,일반,2.5,1,29000.0,19000.0,10000,0.3448275862068966,0,11600.0
YMM251202-00000069,SMF14158451,[사전예약] 초고당도 타이벡 감귤 깜짝 2배 이벤트!,일반,2.5,1,29000.0,19000.0,10000,0.3448275862068966,0,11600.0
YMM251202-00000070,SMF14158451,[사전예약] 초고당도 타이벡 감귤 깜짝 2배 이벤트!,일반,4.5,1,39000.0,29000.0,10000,0.2564102564102564,0,8666.666666666666
YMM251202-00000071,SMF14158451,[사전예약] 초고당도 타이벡 감귤 깜짝 2배 이벤트!,일반,4.5,1,39000.0,29000.0,10000,0.2564102564102564,0,8666.666666666666
YMM251202-00000072,SMF14158451,[사전예약] 초고당도 타이벡 감귤 깜짝 2배 이벤트!,일반,4.5,1,39000.0,29000.0,10000,0.2564102564102564,0,8666.666666666666
YMM251202-00000073,SMF14158451,[사전예약] 초고당도 타이벡 감귤 깜짝 2배 이벤트!,일반,4.5,1,39000.0,29000.0,10000,0.2564102564102564,0,8666.666666666666
YMM251202-00000074,SMF14158451,[사전예약] 초고당도 타이벡 감귤 깜짝 2배 이벤트!,일반,4.5,1,39000.0,29000.0,10000,0.2564102564102564,0,8666.666666666666
YMM251202-00000075,SMF14158451,[사전예약] 초고당도 타이벡 감귤 깜짝 2배 이벤트!,일반,4.5,1,39000.0,29000.0,10000,0.2564102564102564,0,8666.666666666666
YMM251202-00000076,SMF14158451,[사전예약] 초고당도 타이벡 감귤 깜짝 2배 이벤트!,일반,4.5,1,39000.0,29000.0,10000,0.2564102564102564,0,8666.666666666666
YMM251202-00000078,SMF14158451,[사전예약] 초고당도 타이벡 감귤 깜짝 2배 이벤트!,일반,4.5,1,39000.0,29000.0,10000,0.2564102564102564,0,8666.666666666666
YMM251202-00000079,SMF14158451,[사전예약] 초고당도 타이벡 감귤 깜짝 2배 이벤트!,일반,4.5,1,39000.0,29000.0,10000,0.2564102564102564,0,8666.666666666666
YMM251202-00000080,SMF14158451,[사전예약] 초고당도 타이벡 감귤 깜짝 2배 이벤트!,일반,4.5,1,39000.0,29000.0,10000,0.2564102564102564,0,8666.666666666666
YMM251202-00000081,SMF14158451,[사전예약] 초고당도 타이벡 감귤 깜짝 2배 이벤트!,일반,4.5,1,39000.0,29000.0,10000,0.2564102564102564,0,8666.666666666666
YMM251202-00000082,SMF14158451,[사전예약] 초고당도 타이벡 감귤 깜짝 2배 이벤트!,일반,2.5,1,29000.0,19000.0,10000,0.3448275862068966,0,11600.0
YMM251202-00000083,SMF14158451,[사전예약] 초고당도 타이벡 감귤 깜짝 2배 이벤트!,일반,4.5,1,39000.0,29000.0,10000,0.2564102564102564,0,8666.666666666666
YMM251202-00000084,SMF14158451,[사전예약] 초고당도 타이벡 감귤 깜짝 2배 이벤트!,일반,4.5,1,39000.0,29000.0,10000,0.2564102564102564,0,8666.666666666666
YMM251202-00000086,SMF14158451,[사전예약] 초고당도 타이벡 감귤 깜짝 2배 이벤트!,일반,4.5,1,39000.0,29000.0,10000,0.2564102564102564,0,8666.666666666666
YMM251202-00000087,SMF14158451,[사전예약] 초고당도 타이벡 감귤 깜짝 2배 이벤트!,일반,4.5,1,39000.0,29000.0,10000,0.2564102564102564,0,8666.666666666666
YMM251202-00000088,SMF14158451,[사전예약] 초고당도 타이벡 감귤 깜짝 2배 이벤트!,일반,4.5,1,39000.0,29000.0,10000,0.2564102564102564,0,8666.666666666666
YMM251202-00000090,SMF14158451,[사전예약] 초고당도 타이벡 감귤 깜짝 2배 이벤트!,일반,4.5,1,39000.0,29000.0,10000,0.2564102564102564,0,8666.666666666666
YMM251202-00000091,SMF13166336,♥1년 중 20일만 맛 볼 수 있는 고당도 노지 황금향♥,일반,9.0,1,45000.0,30000.0,15000,0.3333333333333333,0,5000.0
YMM251202-00000092,SMF14158451,[사전예약] 초고당도 타이벡 감귤 깜짝 2배 이벤트!,일반,4.5,1,39000.0,29000.0,10000,0.2564102564102564,0,8666.666666666666
YMM251202-00000093,SMF14158451,[사전예약] 초고당도 타이벡 감귤 깜짝 2배 이벤트!,일반,2.5,1,29000.0,19000.0,10000,0.3448275862068966,0,11600.0
YMM251202-00000094,SMF14158451,[사전예약] 초고당도 타이벡 감귤 깜짝 2배 이벤트!,일반,2.5,1,29000.0,19000.0,10000,0.3448275862068966,0,11600.0
YMM251202-00000095,SMF14158451,[사전예약] 초고당도 타이벡 감귤 깜짝 2배 이벤트!,일반,2.5,1,29000.0,19000.0,10000,0.3448275862068966,0,11600.0
YMM251202-00000096,SMF14158451,[사전예약] 초고당도 타이벡 감귤 깜짝 2배 이벤트!,일반,4.5,1,39000.0,29000.0,10000,0.2564102564102564,0,8666.666666666666
YMM251202-00000097,SMF14158451,[사전예약] 초고당도 타이벡 감귤 깜짝 2배 이벤트!,일반,2.5,1,29000.0,19000.0,10000,0.3448275862068966,0,11600.0
YMM251202-00000098,SMF14158451,[사전예약] 초고당도 타이벡 감귤 깜짝 2배 이벤트!,일반,4.5,1,39000.0,29000.0,10000,0.2564102564102564,0,8666.666666666666
YMM251202-00000099,SMF14158451,[사전예약] 초고당도 타이벡 감귤 깜짝 2배 이벤트!,일반,4.5,1,39000.0,29000.0,10000,0.2564102564102564,0,8666.666666666666
YMM251202-00000100,SMF14158451,[사전예약] 초고당도 타이벡 감귤 깜짝 2배 이벤트!,일반,2.5,1,29000.0,19000.0,10000,0.3448275862068966,0,11600.0
YMM251202-00000101,SMF14158451,[사전예약] 초고당도 타이벡 감귤 깜짝 2배 이벤트!,일반,2.5,1,29000.0,19000.0,10000,0.3448275862068966,0,11600.0
YMM251202-00000102,SMF13166336,♥1년 중 20일만 맛 볼 수 있는 고당도 노지 황금향♥,일반,4.5,1,29000.0,20000.0,9000,0.3103448275862069,0,6444.444444444444
YMM251202-00000103,SMF13166336,♥1년 중 20일만 맛 볼 수 있는 고당도 노지 황금향♥,일반,4.5,1,29000.0,20000.0,9000,0.3103448275862069,0,6444.444444444444
YMM251202-00000104,SMF14158451,[사전예약] 초고당도 타이벡 감귤 깜짝 2배 이벤트!,일반,4.5,1,39000.0,29000.0,10000,0.2564102564102564,0,8666.666666666666
YMM251202-00000105,SMF13166336,♥1년 중 20일만 맛 볼 수 있는 고당도 노지 황금향♥,일반,4.5,1,29000.0,20000.0,9000,0.3103448275862069,0,6444.444444444444
YMM251202-00000107,SMF14158451,[사전예약] 초고당도 타이벡 감귤 깜짝 2배 이벤트!,일반,2.5,1,29000.0,19000.0,10000,0.3448275862068966,0,11600.0
YMM251202-00000108,SMF14158451,[사전예약] 초고당도 타이벡 감귤 깜짝 2배 이벤트!,일반,2.5,1,29000.0,19000.0,10000,0.3448275862068966,0,11600.0
YMM251202-00000109,SMF14158451,[사전예약] 초고당도 타이벡 감귤 깜짝 2배 이벤트!,일반,4.5,1,39000.0,29000.0,10000,0.2564102564102564,0,8666.666666666666
YMM251202-00000110,SMF14158451,[사전예약] 초고당도 타이벡 감귤 깜짝 2배 이벤트!,일반,4.5,1,39000.0,29000.0,10000,0.2564102564102564,0,8666.666666666666
YMM251202-00000112,SMF14158451,[사전예약] 초고당도 타이벡 감귤 깜짝 2배 이벤트!,일반,4.5,1,39000.0,29000.0,10000,0.2564102564102564,0,8666.666666666666
YMM251202-00000113,SMF14158451,[사전예약] 초고당도 타이벡 감귤 깜짝 2배 이벤트!,일반,4.5,1,39000.0,29000.0,10000,0.2564102564102564,0,8666.666666666666
YMM251202-00000114,SMF14158451,[사전예약] 초고당도 타이벡 감귤 깜짝 2배 이벤트!,일반,2.5,1,29000.0,19000.0,10000,0.3448275862068966,0,11600.0
YMM251202-00000115,SMF14158451,[사전예약] 초고당도 타이벡 감귤 깜짝 2배 이벤트!,일반,2.5,1,29000.0,19000.0,10000,0.3448275862068966,0,11600.0
YMM251202-00000116,SMF14158451,[사전예약] 초고당도 타이벡 감귤 깜짝 2배 이벤트!,일반,4.5,1,39000.0,29000.0,10000,0.2564102564102564,0,8666.666666666666
YMM251202-00000117,SMF37504939,논산 설향딸기 달콤함 가득 겨울과일,일반,0.7,1,24900.0,17500.0,7400,0.2971887550200803,0,35571.42857142857
YMM251203-00000001,SMF14158451,[사전예약] 초고당도 타이벡 감귤 깜짝 2배 이벤트!,일반,4.5,1,39000.0,29000.0,10000,0.2564102564102564,0,8666.666666666666
YMM251203-00000002,SMF14158451,[사전예약] 초고당도 타이벡 감귤 깜짝 2배 이벤트!,일반,2.5,1,29000.0,19000.0,10000,0.3448275862068966,0,11600.0
YMM251203-00000003,SMF14158451,[사전예약] 초고당도 타이벡 감귤 깜짝 2배 이벤트!,일반,2.5,1,29000.0,19000.0,10000,0.3448275862068966,0,11600.0
YMM251203-00000004,SMF14158451,[사전예약] 초고당도 타이벡 감귤 깜짝 2배 이벤트!,일반,2.5,1,29000.0,19000.0,10000,0.3448275862068966,0,11600.0
YMM251203-00000005,SMF14158451,[사전예약] 초고당도 타이벡 감귤 깜짝 2배 이벤트!,일반,4.5,1,39000.0,29000.0,10000,0.2564102564102564,0,8666.666666666666
YMM251203-00000006,SMF37504939,논산 설향딸기 달콤함 가득 겨울과일,일반,0.7,1,24900.0,17500.0,7400,0.2971887550200803,0,35571.42857142857
YMM251203-00000007,SMF14158451,[사전예약] 초고당도 타이벡 감귤 깜짝 2배 이벤트!,일반,2.5,1,29000.0,19000.0,10000,0.3448275862068966,0,11600.0
YMM251203-00000008,SMF14158451,[사전예약] 초고당도 타이벡 감귤 깜짝 2배 이벤트!,일반,4.5,1,39000.0,29000.0,10000,0.2564102564102564,0,8666.666666666666
YMM251203-00000009,SMF14158451,[사전예약] 초고당도 타이벡 감귤 깜짝 2배 이벤트!,일반,4.5,1,39000.0,29000.0,10000,0.2564102564102564,0,8666.666666666666
YMM251203-00000010,SMF14158451,[사전예약] 초고당도 타이벡 감귤 깜짝 2배 이벤트!,일반,2.5,1,29000.0,19000.0,10000,0.3448275862068966,0,11600.0
YMM251203-00000011,SMF14158451,[사전예약] 초고당도 타이벡 감귤 깜짝 2배 이벤트!,일반,2.5,2,29000.0,19000.0,20000,0.3448275862068966,0,23200.0
YMM251203-00000012,SMF14158451,[사전예약] 초고당도 타이벡 감귤 깜짝 2배 이벤트!,일반,2.5,1,29000.0,19000.0,10000,0.3448275862068966,0,11600.0
YMM251203-00000013,SMF14158451,[사전예약] 초고당도 타이벡 감귤 깜짝 2배 이벤트!,일반,2.5,1,29000.0,19000.0,10000,0.3448275862068966,0,11600.0
YMM251203-00000014,SMF14158451,[사전예약] 초고당도 타이벡 감귤 깜짝 2배 이벤트!,일반,2.5,1,29000.0,19000.0,10000,0.3448275862068966,0,11600.0
YMM251203-00000015,SMF13166336,♥1년 중 20일만 맛 볼 수 있는 고당도 노지 황금향♥,일반,4.5,1,29000.0,20000.0,9000,0.3103448275862069,0,6444.444444444444
YMM251203-00000016,SMF13166336,♥1년 중 20일만 맛 볼 수 있는 고당도 노지 황금향♥,일반,4.5,1,29000.0,20000.0,9000,0.3103448275862069,0,6444.444444444444
YMM251203-00000017,SMF13166336,♥1년 중 20일만 맛 볼 수 있는 고당도 노지 황금향♥,일반,4.5,1,29000.0,20000.0,9000,0.3103448275862069,0,6444.444444444444
YMM251203-00000019,SMF14158451,[사전예약] 초고당도 타이벡 감귤 깜짝 2배 이벤트!,일반,2.5,1,29000.0,19000.0,10000,0.3448275862068966,0,11600.0
YMM251203-00000020,SMF14158451,[사전예약] 초고당도 타이벡 감귤 깜짝 2배 이벤트!,일반,4.5,1,39000.0,29000.0,10000,0.2564102564102564,0,8666.666666666666
YMM251203-00000021,SMF14158451,[사전예약] 초고당도 타이벡 감귤 깜짝 2배 이벤트!,일반,4.5,1,39000.0,29000.0,10000,0.2564102564102564,0,8666.666666666666
YMM251203-00000022,SMF37504939,논산 설향딸기 달콤함 가득 겨울과일,일반,0.7,1,24900.0,17500.0,7400,0.2971887550200803,0,35571.42857142857
YMM251203-00000023,SMF87201852,초고당도 타이벡감귤 2025년 첫 수확,일반,5.0,1,35000.0,20000.0,15000,0.42857142857142855,0,7000.0
YMM251203-00000024,SMF14158451,[사전예약] 초고당도 타이벡 감귤 깜짝 2배 이벤트!,일반,2.5,1,29000.0,19000.0,10000,0.3448275862068966,0,11600.0
YMM251203-00000025,SMF14158451,[사전예약] 초고당도 타이벡 감귤 깜짝 2배 이벤트!,일반,4.5,1,39000.0,29000.0,10000,0.2564102564102564,0,8666.666666666666
YMM251203-00000026,SMF14158451,[사전예약] 초고당도 타이벡 감귤 깜짝 2배 이벤트!,일반,2.5,1,29000.0,19000.0,10000,0.3448275862068966,0,11600.0
YMM251203-00000027,SMF14158451,[사전예약] 초고당도 타이벡 감귤 깜짝 2배 이벤트!,일반,2.5,1,29000.0,19000.0,10000,0.3448275862068966,0,11600.0
YMM251203-00000028,SMF14158451,[사전예약] 초고당도 타이벡 감귤 깜짝 2배 이벤트!,일반,4.5,1,39000.0,29000.0,10000,0.2564102564102564,0,8666.666666666666
YMM251203-00000030,SMF14158451,[사전예약] 초고당도 타이벡 감귤 깜짝 2배 이벤트!,일반,2.5,1,29000.0,19000.0,10000,0.3448275862068966,0,11600.0
YMM251203-00000032,SMF14158451,[사전예약] 초고당도 타이벡 감귤 깜짝 2배 이벤트!,일반,2.5,1,29000.0,19000.0,10000,0.3448275862068966,0,11600.0
YMM251203-00000033,SMF14158451,[사전예약] 초고당도 타이벡 감귤 깜짝 2배 이벤트!,일반,2.5,1,29000.0,19000.0,10000,0.3448275862068966,0,11600.0
YMM251203-00000034,SMF14158451,[사전예약] 초고당도 타이벡 감귤 깜짝 2배 이벤트!,일반,2.5,1,29000.0,19000.0,10000,0.3448275862068966,0,11600.0
YMM251203-00000035,SMF14158451,[사전예약] 초고당도 타이벡 감귤 깜짝 2배 이벤트!,일반,4.5,1,39000.0,29000.0,10000,0.2564102564102564,0,8666.666666666666
YMM251203-00000036,SMF14158451,[사전예약] 초고당도 타이벡 감귤 깜짝 2배 이벤트!,일반,4.5,1,39000.0,29000.0,10000,0.2564102564102564,0,8666.666666666666
YMM251203-00000037,SMF14158451,[사전예약] 초고당도 타이벡 감귤 깜짝 2배 이벤트!,일반,4.5,1,39000.0,29000.0,10000,0.2564102564102564,0,8666.666666666666
YMM251203-00000038,SMF14158451,[사전예약] 초고당도 타이벡 감귤 깜짝 2배 이벤트!,일반,2.5,1,29000.0,19000.0,10000,0.3448275862068966,0,11600.0
YMM251203-00000040,SMF14158451,[사전예약] 초고당도 타이벡 감귤 깜짝 2배 이벤트!,일반,2.5,1,29000.0,19000.0,10000,0.3448275862068966,0,11600.0
YMM251203-00000041,SMF14158451,[사전예약] 초고당도 타이벡 감귤 깜짝 2배 이벤트!,일반,2.5,1,29000.0,19000.0,10000,0.3448275862068966,0,11600.0
YMM251203-00000042,SMF14158451,[사전예약] 초고당도 타이벡 감귤 깜짝 2배 이벤트!,일반,4.5,1,39000.0,29000.0,10000,0.2564102564102564,0,8666.666666666666
YMM251203-00000043,SMF14158451,[사전예약] 초고당도 타이벡 감귤 깜짝 2배 이벤트!,일반,4.5,1,39000.0,29000.0,10000,0.2564102564102564,0,8666.666666666666
YMM251203-00000044,SMF14158451,[사전예약] 초고당도 타이벡 감귤 깜짝 2배 이벤트!,일반,2.5,1,29000.0,19000.0,10000,0.3448275862068966,0,11600.0
YMM251203-00000045,SMF14158451,[사전예약] 초고당도 타이벡 감귤 깜짝 2배 이벤트!,일반,2.5,1,29000.0,19000.0,10000,0.3448275862068966,0,11600.0
YMM251203-00000046,SMF14158451,[사전예약] 초고당도 타이벡 감귤 깜짝 2배 이벤트!,일반,4.5,1,39000.0,29000.0,10000,0.2564102564102564,0,8666.666666666666
YMM251203-00000047,SMF14158451,[사전예약] 초고당도 타이벡 감귤 깜짝 2배 이벤트!,일반,4.5,1,39000.0,29000.0,10000,0.2564102564102564,0,8666.666666666666
YMM251203-00000048,SMF14158451,[사전예약] 초고당도 타이벡 감귤 깜짝 2배 이벤트!,일반,4.5,1,39000.0,29000.0,10000,0.2564102564102564,0,8666.666666666666
YMM251203-00000051,SMF14158451,[사전예약] 초고당도 타이벡 감귤 깜짝 2배 이벤트!,일반,4.5,1,39000.0,29000.0,10000,0.2564102564102564,0,8666.666666666666
YMM251203-00000053,SMF14158451,[사전예약] 초고당도 타이벡 감귤 깜짝 2배 이벤트!,일반,2.5,1,29000.0,19000.0,10000,0.3448275862068966,0,11600.0
YMM251203-00000054,SMF14158451,[사전예약] 초고당도 타이벡 감귤 깜짝 2배 이벤트!,일반,2.5,1,29000.0,19000.0,10000,0.3448275862068966,0,11600.0
YMM251203-00000056,SMF14158451,[사전예약] 초고당도 타이벡 감귤 깜짝 2배 이벤트!,일반,2.5,1,29000.0,19000.0,10000,0.3448275862068966,0,11600.0
YMM251203-00000057,SMF14158451,[사전예약] 초고당도 타이벡 감귤 깜짝 2배 이벤트!,일반,2.5,1,29000.0,19000.0,10000,0.3448275862068966,0,11600.0
YMM251203-00000058,SMF14158451,[사전예약] 초고당도 타이벡 감귤 깜짝 2배 이벤트!,일반,2.5,1,29000.0,19000.0,10000,0.3448275862068966,0,11600.0
YMM251203-00000059,SMF14158451,[사전예약] 초고당도 타이벡 감귤 깜짝 2배 이벤트!,일반,2.5,1,29000.0,19000.0,10000,0.3448275862068966,0,11600.0
YMM251203-00000060,SMF14158451,[사전예약] 초고당도 타이벡 감귤 깜짝 2배 이벤트!,일반,2.5,1,29000.0,19000.0,10000,0.3448275862068966,0,11600.0
YMM251203-00000061,SMF14158451,[사전예약] 초고당도 타이벡 감귤 깜짝 2배 이벤트!,일반,2.5,1,29000.0,19000.0,10000,0.3448275862068966,0,11600.0
YMM251203-00000062,SMF14158451,[사전예약] 초고당도 타이벡 감귤 깜짝 2배 이벤트!,일반,4.5,1,39000.0,29000.0,10000,0.2564102564102564,0,8666.666666666666
YMM251203-00000063,SMF45712223,"경남 제철 부유단감 3kg, 5kg",중대과,5.0,1,23000.0,19000.0,4000,0.17391304347826086,0,4600.0
YMM251203-00000064,SMF14158451,[사전예약] 초고당도 타이벡 감귤 깜짝 2배 이벤트!,일반,4.5,1,39000.0,29000.0,10000,0.2564102564102564,0,8666.666666666666
YMM251203-00000065,SMF14158451,[사전예약] 초고당도 타이벡 감귤 깜짝 2배 이벤트!,일반,2.5,2,29000.0,19000.0,20000,0.3448275862068966,0,23200.0
YMM251203-00000066,SMF14158451,[사전예약] 초고당도 타이벡 감귤 깜짝 2배 이벤트!,일반,4.5,1,39000.0,29000.0,10000,0.2564102564102564,0,8666.666666666666
YMM251203-00000067,SMF14158451,[사전예약] 초고당도 타이벡 감귤 깜짝 2배 이벤트!,일반,2.5,2,29000.0,19000.0,20000,0.3448275862068966,0,23200.0
YMM251203-00000068,SMF14158451,[사전예약] 초고당도 타이벡 감귤 깜짝 2배 이벤트!,일반,4.5,1,39000.0,29000.0,10000,0.2564102564102564,0,8666.666666666666
YMM251203-00000069,SMF14158451,[사전예약] 초고당도 타이벡 감귤 깜짝 2배 이벤트!,일반,4.5,1,39000.0,29000.0,10000,0.2564102564102564,0,8666.666666666666
YMM251203-00000070,SMF14158451,[사전예약] 초고당도 타이벡 감귤 깜짝 2배 이벤트!,일반,4.5,1,39000.0,29000.0,10000,0.2564102564102564,0,8666.666666666666
YMM251203-00000071,SMF14158451,[사전예약] 초고당도 타이벡 감귤 깜짝 2배 이벤트!,일반,4.5,1,39000.0,29000.0,10000,0.2564102564102564,0,8666.666666666666
YMM251203-00000073,SMF45712223,"경남 제철 부유단감 3kg, 5kg",중대과,3.0,1,17000.0,14000.0,3000,0.17647058823529413,0,5666.666666666667
YMM251203-00000074,SMF14158451,[사전예약] 초고당도 타이벡 감귤 깜짝 2배 이벤트!,일반,4.5,1,39000.0,29000.0,10000,0.2564102564102564,0,8666.666666666666
YMM251203-00000075,SMF13166336,♥1년 중 20일만 맛 볼 수 있는 고당도 노지 황금향♥,일반,4.5,1,29000.0,20000.0,9000,0.3103448275862069,0,6444.444444444444
YMM251203-00000076,SMF13166336,♥1년 중 20일만 맛 볼 수 있는 고당도 노지 황금향♥,일반,4.5,1,29000.0,20000.0,9000,0.3103448275862069,0,6444.444444444444
YMM251203-00000077,SMF14158451,[사전예약] 초고당도 타이벡 감귤 깜짝 2배 이벤트!,일반,4.5,1,39000.0,29000.0,10000,0.2564102564102564,0,8666.666666666666
YMM251203-00000078,SMF14158451,[사전예약] 초고당도 타이벡 감귤 깜짝 2배 이벤트!,일반,2.5,1,29000.0,19000.0,10000,0.3448275862068966,0,11600.0
YMM251203-00000079,SMF14158451,[사전예약] 초고당도 타이벡 감귤 깜짝 2배 이벤트!,일반,4.5,1,39000.0,29000.0,10000,0.2564102564102564,0,8666.666666666666
YMM251203-00000081,SMF87201852,초고당도 타이벡감귤 2025년 첫 수확,일반,5.0,1,35000.0,20000.0,15000,0.42857142857142855,0,7000.0
YMM251203-00000082,SMF14158451,[사전예약] 초고당도 타이벡 감귤 깜짝 2배 이벤트!,일반,4.5,1,39000.0,29000.0,10000,0.2564102564102564,0,8666.666666666666
YMM251203-00000084,SMF14158451,[사전예약] 초고당도 타이벡 감귤 깜짝 2배 이벤트!,일반,4.5,1,39000.0,29000.0,10000,0.2564102564102564,0,8666.666666666666
YMM251203-00000085,SMF14158451,[사전예약] 초고당도 타이벡 감귤 깜짝 2배 이벤트!,일반,4.5,1,39000.0,29000.0,10000,0.2564102564102564,0,8666.666666666666
YMM251203-00000086,SMF13166336,♥1년 중 20일만 맛 볼 수 있는 고당도 노지 황금향♥,일반,4.5,1,29000.0,20000.0,9000,0.3103448275862069,0,6444.444444444444
YMM251203-00000087,SMF87201852,초고당도 타이벡감귤 2025년 첫 수확,일반,9.0,1,55000.0,29000.0,26000,0.4727272727272727,0,6111.111111111111
YMM251203-00000088,SMF14158451,[사전예약] 초고당도 타이벡 감귤 깜짝 2배 이벤트!,일반,4.5,1,39000.0,29000.0,10000,0.2564102564102564,0,8666.666666666666
YMM251204-00000002,SMF14158451,[사전예약] 초고당도 타이벡 감귤 깜짝 2배 이벤트!,일반,4.5,1,39000.0,29000.0,10000,0.2564102564102564,0,8666.666666666666
YMM251204-00000005,SMF14158451,[사전예약] 초고당도 타이벡 감귤 깜짝 2배 이벤트!,일반,4.5,1,39000.0,29000.0,10000,0.2564102564102564,0,8666.666666666666
YMM251204-00000006,SMF14158451,[사전예약] 초고당도 타이벡 감귤 깜짝 2배 이벤트!,일반,2.5,1,29000.0,19000.0,10000,0.3448275862068966,0,11600.0
YMM251204-00000007,SMF14158451,[사전예약] 초고당도 타이벡 감귤 깜짝 2배 이벤트!,일반,2.5,1,29000.0,19000.0,10000,0.3448275862068966,0,11600.0
YMM251204-00000008,SMF14158451,초고당도 타이벡 감귤 & 과즙팡팡 조생 감귤,일반,2.5,1,29000.0,19000.0,10000,0.3448275862068966,0,11600.0
YMM251204-00000009,SMF14158451,과즙폭발 조생 감귤 & 초고당도 타이벡 감귤,로얄과,2.5,1,19000.0,12000.0,7000,0.3684210526315789,0,7600.0
YMM251204-00000010,SMF14158451,초고당도 타이벡 감귤 2025년 첫수확,일반,2.5,1,29000.0,19000.0,10000,0.3448275862068966,0,11600.0
YMM251204-00000011,SMF37504939,논산 설향딸기 달콤함 가득 겨울과일,일반,0.7,1,24900.0,17500.0,7400,0.2971887550200803,0,35571.42857142857
YMM251204-00000012,SMF14158451,초고당도 타이벡 감귤 2025년 첫수확,일반,4.5,1,39000.0,29000.0,10000,0.2564102564102564,0,8666.666666666666
YMM251204-00000014,SMF14158451,초고당도 타이벡 감귤 2025년 첫수확,일반,2.5,1,29000.0,19000.0,10000,0.3448275862068966,0,11600.0
YMM251204-00000015,SMF14158451,초고당도 타이벡 감귤 2025년 첫수확,일반,2.5,1,29000.0,19000.0,10000,0.3448275862068966,0,11600.0
YMM251204-00000016,SMF37504939,논산 설향딸기 달콤함 가득 겨울과일,일반,0.7,1,26900.0,17900.0,9000,0.3345724907063197,0,38428.57142857143
YMM251204-00000017,SMF14158451,초고당도 타이벡 감귤 2025년 첫수확,일반,2.5,1,29000.0,19000.0,10000,0.3448275862068966,0,11600.0
YMM251204-00000018,SMF14158451,초고당도 타이벡 감귤 2025년 첫수확,일반,2.5,1,29000.0,19000.0,10000,0.3448275862068966,0,11600.0
YMM251204-00000019,SMF14158451,초고당도 타이벡 감귤 2025년 첫수확,일반,2.5,1,29000.0,19000.0,10000,0.3448275862068966,0,11600.0
YMM251204-00000020,SMF14158451,초고당도 타이벡 감귤 2025년 첫수확,일반,4.5,1,39000.0,29000.0,10000,0.2564102564102564,0,8666.666666666666
YMM251204-00000021,SMF13166336,♥1년 중 20일만 맛 볼 수 있는 고당도 노지 황금향♥,일반,4.5,1,29000.0,20000.0,9000,0.3103448275862069,0,6444.444444444444
YMM251204-00000023,SMF24484057,초고당도 타이벡감귤 2025년 첫 수확,일반,5.0,1,29000.0,19000.0,10000,0.3448275862068966,0,5800.0
YMM251204-00000024,SMF14158451,초고당도 타이벡 감귤 2025년 첫수확,일반,4.5,2,39000.0,29000.0,20000,0.2564102564102564,0,17333.333333333332
YMM251204-00000025,SMF14158451,초고당도 타이벡 감귤 2025년 첫수확,일반,4.5,1,39000.0,29000.0,10000,0.2564102564102564,0,8666.666666666666
YMM251204-00000026,SMF14158451,초고당도 타이벡 감귤 2025년 첫수확,일반,4.5,1,39000.0,29000.0,10000,0.2564102564102564,0,8666.666666666666
YMM251204-00000027,SMF13166336,♥1년 중 20일만 맛 볼 수 있는 고당도 노지 황금향♥,일반,4.5,1,29000.0,20000.0,9000,0.3103448275862069,0,6444.444444444444
YMM251204-00000028,SMF13166336,♥1년 중 20일만 맛 볼 수 있는 고당도 노지 황금향♥,일반,4.5,1,29000.0,20000.0,9000,0.3103448275862069,0,6444.444444444444
YMM251204-00000029,SMF13166336,♥1년 중 20일만 맛 볼 수 있는 고당도 노지 황금향♥,일반,4.5,1,29000.0,20000.0,9000,0.3103448275862069,0,6444.444444444444
YMM251204-00000030,SMF37504939,논산 설향딸기 달콤함 가득 겨울과일,일반,0.7,2,26900.0,17900.0,18000,0.3345724907063197,0,76857.14285714286
YMM251204-00000031,SMF14158451,초고당도 타이벡 감귤 2025년 첫수확,일반,4.5,1,39000.0,29000.0,10000,0.2564102564102564,0,8666.666666666666
YMM251204-00000032,SMF14158451,초고당도 타이벡 감귤 2025년 첫수확,일반,2.5,1,29000.0,19000.0,10000,0.3448275862068966,0,11600.0
YMM251204-00000033,SMF14158451,초고당도 타이벡 감귤 2025년 첫수확,일반,4.5,1,39000.0,29000.0,10000,0.2564102564102564,0,8666.666666666666
YMM251204-00000034,SMF37504939,논산 설향딸기 달콤함 가득 겨울과일,일반,0.7,1,26900.0,17900.0,9000,0.3345724907063197,0,38428.57142857143
YMM251204-00000035,SMF13166336,♥1년 중 20일만 맛 볼 수 있는 고당도 노지 황금향♥,일반,4.5,1,29000.0,20000.0,9000,0.3103448275862069,0,6444.444444444444
YMM251204-00000036,SMF78619818,과즙폭발 겨울의 꽃 조생 감귤,로얄과,4.5,1,24900.0,16000.0,8900,0.357429718875502,0,5533.333333333333
YMM251204-00000037,SMF78619818,과즙폭발 겨울의 꽃 조생 감귤,로얄과,4.5,1,24900.0,16000.0,8900,0.357429718875502,0,5533.333333333333
YMM251204-00000038,SMF14158451,초고당도 타이벡 감귤 2025년 첫수확,일반,2.5,1,29000.0,19000.0,10000,0.3448275862068966,0,11600.0
YMM251204-00000040,SMF14158451,초고당도 타이벡 감귤 2025년 첫수확,일반,2.5,1,29000.0,19000.0,10000,0.3448275862068966,0,11600.0
YMM251204-00000041,SMF14158451,초고당도 타이벡 감귤 2025년 첫수확,일반,2.5,1,29000.0,19000.0,10000,0.3448275862068966,0,11600.0
YMM251204-00000042,SMF14158451,초고당도 타이벡 감귤 2025년 첫수확,일반,2.5,1,29000.0,19000.0,10000,0.3448275862068966,0,11600.0
YMM251204-00000043,SMF14158451,초고당도 타이벡 감귤 2025년 첫수확,일반,4.5,1,39000.0,29000.0,10000,0.2564102564102564,0,8666.666666666666
YMM251205-00000001,SMF14158451,초고당도 타이벡 감귤 2025년 첫수확,일반,4.5,1,39000.0,29000.0,10000,0.2564102564102564,0,8666.666666666666
YMM251205-00000002,SMF14158451,초고당도 타이벡 감귤 2025년 첫수확,일반,4.5,1,39000.0,29000.0,10000,0.2564102564102564,0,8666.666666666666
YMM251205-00000003,SMF78619818,과즙폭발 겨울의 꽃 조생 감귤,로얄과,4.5,1,24900.0,16000.0,8900,0.357429718875502,0,5533.333333333333
YMM251205-00000004,SMF14158451,초고당도 타이벡 감귤 2025년 첫수확,일반,4.5,2,39000.0,29000.0,20000,0.2564102564102564,0,17333.333333333332
YMM251205-00000005,SMF78619818,과즙폭발 겨울의 꽃 조생 감귤,로얄과,4.5,1,24900.0,16000.0,8900,0.357429718875502,0,5533.333333333333
YMM251205-00000006,SMF37504939,논산 설향딸기 달콤함 가득 겨울과일,일반,0.7,2,26900.0,17900.0,18000,0.3345724907063197,0,76857.14285714286
YMM251205-00000009,SMF14158451,초고당도 타이벡 감귤 2025년 첫수확,일반,4.5,1,39000.0,29000.0,10000,0.2564102564102564,0,8666.666666666666
YMM251205-00000010,SMF14158451,초고당도 타이벡 감귤 2025년 첫수확,일반,4.5,1,39000.0,29000.0,10000,0.2564102564102564,0,8666.666666666666
YMM251205-00000013,SMF37504939,논산 설향딸기 달콤함 가득 겨울과일,일반,0.7,1,26900.0,17900.0,9000,0.3345724907063197,0,38428.57142857143
YMM251205-00000014,SMF14158451,초고당도 타이벡 감귤 2025년 첫수확,일반,2.5,1,29000.0,19000.0,10000,0.3448275862068966,0,11600.0
YMM251205-00000015,SMF78619818,과즙폭발 겨울의 꽃 조생 감귤,로얄과,2.5,1,14900.0,10000.0,4900,0.3288590604026846,0,5960.0
YMM251205-00000017,SMF78619818,과즙폭발 겨울의 꽃 조생 감귤,로얄과,4.5,1,19900.0,13200.0,6700,0.33668341708542715,0,4422.222222222223
YMM251205-00000018,SMF14158451,초고당도 타이벡 감귤 2025년 첫수확,일반,4.5,1,39000.0,29000.0,10000,0.2564102564102564,0,8666.666666666666
YMM251205-00000019,SMF14158451,초고당도 타이벡 감귤 2025년 첫수확,일반,2.5,1,29000.0,19000.0,10000,0.3448275862068966,0,11600.0
YMM251205-00000021,SMF14158451,초고당도 타이벡 감귤 2025년 첫수확,일반,2.5,1,29000.0,19000.0,10000,0.3448275862068966,0,11600.0
YMM251205-00000023,SMF37504939,논산 설향딸기 달콤함 가득 겨울과일,일반,0.7,1,26900.0,17900.0,9000,0.3345724907063197,0,38428.57142857143
YMM251205-00000024,SMF14158451,초고당도 타이벡 감귤 2025년 첫수확,일반,4.5,1,39000.0,29000.0,10000,0.2564102564102564,0,8666.666666666666
YMM251205-00000025,SMF78619818,과즙폭발 겨울의 꽃 조생 감귤,로얄과,2.5,1,14900.0,10000.0,4900,0.3288590604026846,0,5960.0
YMM251205-00000027,SMF78619818,과즙폭발 겨울의 꽃 조생 감귤,로얄과,4.5,1,19900.0,13200.0,6700,0.33668341708542715,0,4422.222222222223
YMM251205-00000028,SMF78619818,과즙폭발 겨울의 꽃 조생 감귤,로얄과,4.5,1,19900.0,13200.0,6700,0.33668341708542715,0,4422.222222222223
YMM251205-00000029,SMF14158451,초고당도 타이벡 감귤 2025년 첫수확,일반,4.5,2,39000.0,29000.0,20000,0.2564102564102564,0,17333.333333333332
YMM251205-00000030,SMF78619818,과즙폭발 겨울의 꽃 조생 감귤,로얄과,4.5,1,19900.0,13200.0,6700,0.33668341708542715,0,4422.222222222223
YMM251205-00000031,SMF78619818,과즙폭발 겨울의 꽃 조생 감귤,로얄과,4.5,1,19900.0,13200.0,6700,0.33668341708542715,0,4422.222222222223
YMM251205-00000032,SMF14158451,초고당도 타이벡 감귤 2025년 첫수확,일반,2.5,1,29000.0,19000.0,10000,0.3448275862068966,0,11600.0
YMM251205-00000033,SMF78619818,과즙폭발 겨울의 꽃 조생 감귤,로얄과,4.5,1,19900.0,13200.0,6700,0.33668341708542715,0,4422.222222222223
YMM251205-00000034,SMF13606317,제주산 구좌 흙당근 비세척,일반,5.0,1,18000.0,12000.0,6000,0.3333333333333333,0,3600.0
YMM251205-00000036,SMF78619818,과즙폭발 겨울의 꽃 조생 감귤,로얄과,4.5,1,19900.0,13200.0,6700,0.33668341708542715,0,4422.222222222223
YMM251205-00000038,SMF13166336,♥1년 중 20일만 맛 볼 수 있는 고당도 노지 황금향♥,일반,9.0,1,45000.0,30000.0,15000,0.3333333333333333,0,5000.0
YMM251205-00000039,SMF78619818,과즙폭발 겨울의 꽃 조생 감귤,로얄과,4.5,1,19900.0,13200.0,6700,0.33668341708542715,0,4422.222222222223
YMM251205-00000040,SMF13606317,제주산 구좌 흙당근 비세척,일반,3.0,1,14000.0,9500.0,4500,0.32142857142857145,0,4666.666666666667
YMM251205-00000041,SMF37504939,논산 설향딸기 달콤함 가득 겨울과일,일반,0.7,1,26900.0,17900.0,9000,0.3345724907063197,0,38428.57142857143
YMM251205-00000042,SMF78619818,과즙폭발 겨울의 꽃 조생 감귤,로얄과,2.5,1,14900.0,10000.0,4900,0.3288590604026846,0,5960.0
YMM251205-00000043,SMF78619818,과즙폭발 겨울의 꽃 조생 감귤,로얄과,4.5,1,19900.0,13200.0,6700,0.33668341708542715,0,4422.222222222223
YMM251205-00000044,SMF13166336,♥1년 중 20일만 맛 볼 수 있는 고당도 노지 황금향♥,일반,9.0,1,45000.0,30000.0,15000,0.3333333333333333,0,5000.0
YMM251205-00000045,SMF78619818,과즙폭발 겨울의 꽃 조생 감귤,로얄과,2.5,1,14900.0,10000.0,4900,0.3288590604026846,0,5960.0
YMM251205-00000046,SMF78619818,과즙폭발 겨울의 꽃 조생 감귤,로얄과,2.5,1,14900.0,10000.0,4900,0.3288590604026846,0,5960.0
YMM251205-00000047,SMF78619818,과즙폭발 겨울의 꽃 조생 감귤,로얄과,2.5,1,14900.0,10000.0,4900,0.3288590604026846,0,5960.0
YMM251205-00000048,SMF14158451,초고당도 타이벡 감귤 2025년 첫수확,일반,4.5,1,39000.0,29000.0,10000,0.2564102564102564,0,8666.666666666666
YMM251205-00000049,SMF78619818,과즙폭발 겨울의 꽃 조생 감귤,로얄과,2.5,1,14900.0,10000.0,4900,0.3288590604026846,0,5960.0
YMM251205-00000050,SMF37504939,논산 설향딸기 달콤함 가득 겨울과일,일반,0.7,1,26900.0,17900.0,9000,0.3345724907063197,0,38428.57142857143
YMM251205-00000051,SMF78619818,과즙폭발 겨울의 꽃 조생 감귤,로얄과,4.5,1,19900.0,13200.0,6700,0.33668341708542715,0,4422.222222222223
YMM251206-00000001,SMF14158451,초고당도 타이벡 감귤 2025년 첫수확,일반,4.5,1,39000.0,29000.0,10000,0.2564102564102564,0,8666.666666666666
YMM251206-00000002,SMF14158451,초고당도 타이벡 감귤 2025년 첫수확,일반,4.5,1,39000.0,29000.0,10000,0.2564102564102564,0,8666.666666666666
YMM251206-00000004,SMF14158451,초고당도 타이벡 감귤 2025년 첫수확,일반,4.5,1,39000.0,29000.0,10000,0.2564102564102564,0,8666.666666666666
YMM251206-00000005,SMF13166336,♥1년 중 20일만 맛 볼 수 있는 고당도 노지 황금향♥,일반,9.0,1,45000.0,30000.0,15000,0.3333333333333333,0,5000.0
YMM251206-00000007,SMF37504939,논산 설향딸기 달콤함 가득 겨울과일,일반,0.7,1,26900.0,17900.0,9000,0.3345724907063197,0,38428.57142857143
YMM251206-00000008,SMF37504939,논산 설향딸기 달콤함 가득 겨울과일,일반,0.7,1,26900.0,17900.0,9000,0.3345724907063197,0,38428.57142857143
YMM251206-00000009,SMF37504939,논산 설향딸기 달콤함 가득 겨울과일,일반,0.7,3,26900.0,17900.0,27000,0.3345724907063197,0,115285.71428571429
YMM251206-00000010,SMF37504939,논산 설향딸기 달콤함 가득 겨울과일,일반,0.7,3,26900.0,17900.0,27000,0.3345724907063197,0,115285.71428571429
YMM251206-00000011,SMF37504939,논산 설향딸기 달콤함 가득 겨울과일,일반,0.7,3,26900.0,17900.0,27000,0.3345724907063197,0,115285.71428571429
YMM251206-00000012,SMF37504939,논산 설향딸기 달콤함 가득 겨울과일,일반,0.7,3,26900.0,17900.0,27000,0.3345724907063197,0,115285.71428571429
YMM251206-00000013,SMF37504939,논산 설향딸기 달콤함 가득 겨울과일,일반,0.7,3,26900.0,17900.0,27000,0.3345724907063197,0,115285.71428571429
YMM251206-00000015,SMF37504939,논산 설향딸기 달콤함 가득 겨울과일,일반,0.7,3,26900.0,17900.0,27000,0.3345724907063197,0,115285.71428571429
YMM251206-00000016,SMF37504939,논산 설향딸기 달콤함 가득 겨울과일,일반,0.7,1,26900.0,17900.0,9000,0.3345724907063197,0,38428.57142857143
YMM251206-00000017,SMF37504939,논산 설향딸기 달콤함 가득 겨울과일,일반,0.7,1,26900.0,17900.0,9000,0.3345724907063197,0,38428.57142857143
YMM251206-00000018,SMF37504939,논산 설향딸기 달콤함 가득 겨울과일,일반,0.7,1,26900.0,17900.0,9000,0.3345724907063197,0,38428.57142857143
YMM251206-00000019,SMF78619818,과즙폭발 겨울의 꽃 조생 감귤,로얄과,2.5,1,14900.0,10000.0,4900,0.3288590604026846,0,5960.0
YMM251206-00000020,SMF13606317,제주산 구좌 흙당근 비세척,일반,3.0,1,14000.0,9500.0,4500,0.32142857142857145,0,4666.666666666667
YMM251206-00000021,SMF14158451,초고당도 타이벡 감귤 2025년 첫수확,일반,4.5,1,39000.0,29000.0,10000,0.2564102564102564,0,8666.666666666666
YMM251206-00000022,SMF14158451,초고당도 타이벡 감귤 2025년 첫수확,일반,4.5,1,39000.0,29000.0,10000,0.2564102564102564,0,8666.666666666666
YMM251206-00000023,SMF78619818,과즙폭발 겨울의 꽃 조생 감귤,로얄과,4.5,2,19900.0,13200.0,13400,0.33668341708542715,0,8844.444444444445
YMM251206-00000024,SMF14158451,초고당도 타이벡 감귤 2025년 첫수확,일반,2.5,1,29000.0,19000.0,10000,0.3448275862068966,0,11600.0
YMM251206-00000026,SMF13166336,♥1년 중 20일만 맛 볼 수 있는 고당도 노지 황금향♥,일반,4.5,1,29000.0,20000.0,9000,0.3103448275862069,0,6444.444444444444
YMM251206-00000027,SMF14158451,초고당도 타이벡 감귤 2025년 첫수확,일반,4.5,1,39000.0,29000.0,10000,0.2564102564102564,0,8666.666666666666
YMM251206-00000028,SMF13166336,♥1년 중 20일만 맛 볼 수 있는 고당도 노지 황금향♥,일반,4.5,1,29000.0,20000.0,9000,0.3103448275862069,0,6444.444444444444
YMM251206-00000029,SMF14158451,초고당도 타이벡 감귤 2025년 첫수확,일반,4.5,2,39000.0,29000.0,20000,0.2564102564102564,0,17333.333333333332
YMM251206-00000030,SMF78619818,과즙폭발 겨울의 꽃 조생 감귤,로얄과,2.5,1,14900.0,10000.0,4900,0.3288590604026846,0,5960.0
YMM251206-00000031,SMF78619818,과즙폭발 겨울의 꽃 조생 감귤,로얄과,4.5,1,19900.0,13200.0,6700,0.33668341708542715,0,4422.222222222223
YMM251206-00000032,SMF78619818,과즙폭발 겨울의 꽃 조생 감귤,로얄과,2.5,1,14900.0,10000.0,4900,0.3288590604026846,0,5960.0
YMM251206-00000033,SMF78619818,과즙폭발 겨울의 꽃 조생 감귤,로얄과,2.5,1,14900.0,10000.0,4900,0.3288590604026846,0,5960.0
YMM251206-00000034,SMF14158451,초고당도 타이벡 감귤 2025년 첫수확,일반,2.5,1,29000.0,19000.0,10000,0.3448275862068966,0,11600.0
YMM251206-00000036,SMF78619818,과즙폭발 겨울의 꽃 조생 감귤,로얄과,4.5,1,19900.0,13200.0,6700,0.33668341708542715,0,4422.222222222223
YMM251206-00000037,SMF78619818,과즙폭발 겨울의 꽃 조생 감귤,로얄과,4.5,1,19900.0,13200.0,6700,0.33668341708542715,0,4422.222222222223
YMM251206-00000038,SMF78619818,과즙폭발 겨울의 꽃 조생 감귤,로얄과,2.5,1,14900.0,10000.0,4900,0.3288590604026846,0,5960.0
YMM251206-00000039,SMF13606317,제주산 구좌 흙당근 비세척,일반,3.0,1,14000.0,9500.0,4500,0.32142857142857145,0,4666.666666666667
YMM251206-00000040,SMF78619818,과즙폭발 겨울의 꽃 조생 감귤,로얄과,2.5,1,14900.0,10000.0,4900,0.3288590604026846,0,5960.0
YMM251206-00000042,SMF78619818,과즙폭발 겨울의 꽃 조생 감귤,로얄과,4.5,1,19900.0,13200.0,6700,0.33668341708542715,0,4422.222222222223
YMM251206-00000043,SMF78619818,과즙폭발 겨울의 꽃 조생 감귤,로얄과,2.5,1,14900.0,10000.0,4900,0.3288590604026846,0,5960.0
YMM251206-00000044,SMF78619818,과즙폭발 겨울의 꽃 조생 감귤,로얄과,4.5,1,19900.0,13200.0,6700,0.33668341708542715,0,4422.222222222223
YMM251206-00000045,SMF14158451,초고당도 타이벡 감귤 2025년 첫수확,일반,2.5,1,29000.0,19000.0,10000,0.3448275862068966,0,11600.0
YMM251206-00000046,SMF14158451,초고당도 타이벡 감귤 2025년 첫수확,일반,4.5,1,39000.0,29000.0,10000,0.2564102564102564,0,8666.666666666666
YMM251206-00000047,SMF14158451,초고당도 타이벡 감귤 2025년 첫수확,일반,4.5,1,39000.0,29000.0,10000,0.2564102564102564,0,8666.666666666666
YMM251206-00000048,SMF14158451,초고당도 타이벡 감귤 2025년 첫수확,일반,4.5,1,39000.0,29000.0,10000,0.2564102564102564,0,8666.666666666666
YMM251206-00000049,SMF14158451,초고당도 타이벡 감귤 2025년 첫수확,일반,4.5,1,39000.0,29000.0,10000,0.2564102564102564,0,8666.666666666666
YMM251207-00000002,SMF78619818,과즙폭발 겨울의 꽃 조생 감귤,로얄과,4.5,1,19900.0,13200.0,6700,0.33668341708542715,0,4422.222222222223
YMM251207-00000003,SMF13166336,♥1년 중 20일만 맛 볼 수 있는 고당도 노지 황금향♥,일반,4.5,1,29000.0,20000.0,9000,0.3103448275862069,0,6444.444444444444
YMM251207-00000004,SMF13166336,♥1년 중 20일만 맛 볼 수 있는 고당도 노지 황금향♥,일반,9.0,1,45000.0,30000.0,15000,0.3333333333333333,0,5000.0
YMM251207-00000005,SMF13166336,♥1년 중 20일만 맛 볼 수 있는 고당도 노지 황금향♥,일반,9.0,1,45000.0,30000.0,15000,0.3333333333333333,0,5000.0
YMM251207-00000006,SMF13166336,♥1년 중 20일만 맛 볼 수 있는 고당도 노지 황금향♥,일반,9.0,1,45000.0,30000.0,15000,0.3333333333333333,0,5000.0
YMM251207-00000007,SMF14158451,초고당도 타이벡 감귤 2025년 첫수확,일반,4.5,1,39000.0,29000.0,10000,0.2564102564102564,0,8666.666666666666
YMM251207-00000008,SMF37504939,논산 설향딸기 달콤함 가득 겨울과일,일반,0.7,1,26900.0,17900.0,9000,0.3345724907063197,0,38428.57142857143
YMM251207-00000009,SMF14158451,초고당도 타이벡 감귤 2025년 첫수확,일반,2.5,2,29000.0,19000.0,20000,0.3448275862068966,0,23200.0
YMM251207-00000010,SMF78619818,과즙폭발 겨울의 꽃 조생 감귤,로얄과,4.5,1,19900.0,13200.0,6700,0.33668341708542715,0,4422.222222222223
YMM251207-00000011,SMF13606317,제주산 구좌 흙당근 비세척,일반,5.0,1,20000.0,14000.0,6000,0.3,0,4000.0
YMM251207-00000013,SMF78619818,과즙폭발 겨울의 꽃 조생 감귤,로얄과,4.5,1,19900.0,13200.0,6700,0.33668341708542715,0,4422.222222222223
YMM251207-00000014,SMF14158451,초고당도 타이벡 감귤 2025년 첫수확,일반,4.5,1,39000.0,29000.0,10000,0.2564102564102564,0,8666.666666666666
YMM251207-00000015,SMF13606317,제주산 구좌 흙당근 비세척,일반,5.0,1,18000.0,12000.0,6000,0.3333333333333333,0,3600.0
YMM251207-00000016,SMF78619818,과즙폭발 겨울의 꽃 조생 감귤,로얄과,4.5,1,19900.0,13200.0,6700,0.33668341708542715,0,4422.222222222223
YMM251207-00000018,SMF78619818,과즙폭발 겨울의 꽃 조생 감귤,로얄과,4.5,1,19900.0,13200.0,6700,0.33668341708542715,0,4422.222222222223
YMM251207-00000019,SMF78619818,과즙폭발 겨울의 꽃 조생 감귤,로얄과,4.5,1,19900.0,13200.0,6700,0.33668341708542715,0,4422.222222222223
YMM251207-00000020,SMF78619818,과즙폭발 겨울의 꽃 조생 감귤,로얄과,2.5,1,14900.0,10000.0,4900,0.3288590604026846,0,5960.0
YMM251207-00000021,SMF14158451,초고당도 타이벡 감귤 2025년 첫수확,일반,4.5,1,39000.0,29000.0,10000,0.2564102564102564,0,8666.666666666666
YMM251207-00000024,SMF78619818,과즙폭발 겨울의 꽃 조생 감귤,로얄과,4.5,1,19900.0,13200.0,6700,0.33668341708542715,0,4422.222222222223
YMM251207-00000026,SMF87201852,초고당도 타이벡감귤 2025년 첫 수확,일반,5.0,1,35000.0,20000.0,15000,0.42857142857142855,0,7000.0
YMM251207-00000027,SMF78619818,과즙폭발 겨울의 꽃 조생 감귤,로얄과,4.5,1,19900.0,13200.0,6700,0.33668341708542715,0,4422.222222222223
YMM251207-00000028,SMF14158451,초고당도 타이벡 감귤 2025년 첫수확,일반,2.5,1,29000.0,19000.0,10000,0.3448275862068966,0,11600.0
YMM251207-00000029,SMF78619818,과즙폭발 겨울의 꽃 조생 감귤,로얄과,2.5,3,14900.0,10000.0,14700,0.3288590604026846,0,17880.0
YMM251207-00000030,SMF78619818,과즙폭발 겨울의 꽃 조생 감귤,로얄과,4.5,2,19900.0,13200.0,13400,0.33668341708542715,0,8844.444444444445
YMM251207-00000031,SMF14158451,초고당도 타이벡 감귤 2025년 첫수확,일반,4.5,1,39000.0,29000.0,10000,0.2564102564102564,0,8666.666666666666
YMM251207-00000032,SMF78619818,과즙폭발 겨울의 꽃 조생 감귤,로얄과,2.5,1,14900.0,10000.0,4900,0.3288590604026846,0,5960.0
YMM251207-00000033,SMF37504939,논산 설향딸기 달콤함 가득 겨울과일,일반,0.7,1,26900.0,17900.0,9000,0.3345724907063197,0,38428.57142857143
YMM251207-00000034,SMF78619818,과즙폭발 겨울의 꽃 조생 감귤,로얄과,4.5,1,19900.0,13200.0,6700,0.33668341708542715,0,4422.222222222223
YMM251207-00000035,SMF78619818,과즙폭발 겨울의 꽃 조생 감귤,로얄과,4.5,1,19900.0,13200.0,6700,0.33668341708542715,0,4422.222222222223
YMM251207-00000036,SMF13166336,♥1년 중 20일만 맛 볼 수 있는 고당도 노지 황금향♥,일반,9.0,1,45000.0,30000.0,15000,0.3333333333333333,0,5000.0
YMM251207-00000037,SMF37504939,논산 설향딸기 달콤함 가득 겨울과일,일반,0.7,1,26900.0,17900.0,9000,0.3345724907063197,0,38428.57142857143
YMM251207-00000038,SMF78619818,과즙폭발 겨울의 꽃 조생 감귤,로얄과,4.5,1,19900.0,13200.0,6700,0.33668341708542715,0,4422.222222222223
YMM251207-00000039,SMF13606317,제주산 구좌 흙당근 비세척,일반,3.0,1,14000.0,9500.0,4500,0.32142857142857145,0,4666.666666666667
YMM251207-00000040,SMF78619818,과즙폭발 겨울의 꽃 조생 감귤,로얄과,4.5,1,19900.0,13200.0,6700,0.33668341708542715,0,4422.222222222223
YMM251207-00000041,SMF78619818,과즙폭발 겨울의 꽃 조생 감귤,로얄과,4.5,1,19900.0,13200.0,6700,0.33668341708542715,0,4422.222222222223
YMM251207-00000042,SMF78619818,과즙폭발 겨울의 꽃 조생 감귤,로얄과,2.5,1,14900.0,10000.0,4900,0.3288590604026846,0,5960.0
YMM251208-00000002,SMF78619818,과즙폭발 겨울의 꽃 조생 감귤,로얄과,2.5,1,14900.0,10000.0,4900,0.3288590604026846,0,5960.0
YMM251208-00000003,SMF78619818,과즙폭발 겨울의 꽃 조생 감귤,로얄과,2.5,1,14900.0,10000.0,4900,0.3288590604026846,0,5960.0
YMM251208-00000004,SMF13606317,제주산 구좌 흙당근 비세척,일반,3.0,1,16500.0,12000.0,4500,0.2727272727272727,0,5500.0
YMM251208-00000005,SMF37504939,논산 설향딸기 달콤함 가득 겨울과일,일반,0.7,1,26900.0,17900.0,9000,0.3345724907063197,0,38428.57142857143
YMM251208-00000007,SMF78619818,과즙폭발 겨울의 꽃 조생 감귤,로얄과,4.5,1,19900.0,13200.0,6700,0.33668341708542715,0,4422.222222222223
YMM251208-00000008,SMF78619818,과즙폭발 겨울의 꽃 조생 감귤,로얄과,4.5,2,19900.0,13200.0,13400,0.33668341708542715,0,8844.444444444445
YMM251208-00000009,SMF78619818,과즙폭발 겨울의 꽃 조생 감귤,로얄과,4.5,1,19900.0,13200.0,6700,0.33668341708542715,0,4422.222222222223
YMM251208-00000010,SMF78619818,과즙폭발 겨울의 꽃 조생 감귤,로얄과,2.5,1,14900.0,10000.0,4900,0.3288590604026846,0,5960.0
YMM251208-00000011,SMF37504939,논산 설향딸기 달콤함 가득 겨울과일,일반,0.7,1,26900.0,17900.0,9000,0.3345724907063197,0,38428.57142857143
YMM251208-00000012,SMF78619818,과즙폭발 겨울의 꽃 조생 감귤,로얄과,4.5,1,19900.0,13200.0,6700,0.33668341708542715,0,4422.222222222223
YMM251208-00000014,SMF78619818,과즙폭발 겨울의 꽃 조생 감귤,로얄과,4.5,1,19900.0,13200.0,6700,0.33668341708542715,0,4422.222222222223
YMM251208-00000015,SMF13166336,♥1년 중 20일만 맛 볼 수 있는 고당도 노지 황금향♥,일반,4.5,1,29000.0,20000.0,9000,0.3103448275862069,0,6444.444444444444
YMM251208-00000016,SMF14158451,초고당도 타이벡 감귤 2025년 첫수확,일반,2.5,1,29000.0,19000.0,10000,0.3448275862068966,0,11600.0
YMM251208-00000019,SMF78619818,과즙폭발 겨울의 꽃 조생 감귤,로얄과,2.5,1,14900.0,10000.0,4900,0.3288590604026846,0,5960.0
YMM251208-00000020,SMF14158451,초고당도 타이벡 감귤 2025년 첫수확,일반,2.5,1,29000.0,19000.0,10000,0.3448275862068966,0,11600.0
YMM251208-00000021,SMF78619818,과즙폭발 겨울의 꽃 조생 감귤,로얄과,4.5,1,19900.0,13200.0,6700,0.33668341708542715,0,4422.222222222223
YMM251208-00000023,SMF13166336,♥1년 중 20일만 맛 볼 수 있는 고당도 노지 황금향♥,일반,4.5,1,29000.0,20000.0,9000,0.3103448275862069,0,6444.444444444444
YMM251208-00000024,SMF14158451,초고당도 타이벡 감귤 2025년 첫수확,일반,4.5,1,39000.0,29000.0,10000,0.2564102564102564,0,8666.666666666666
YMM251208-00000026,SMF37504939,논산 설향딸기 달콤함 가득 겨울과일,일반,0.7,1,26900.0,17900.0,9000,0.3345724907063197,0,38428.57142857143
YMM251208-00000027,SMF78619818,과즙폭발 겨울의 꽃 조생 감귤,로얄과,4.5,1,19900.0,13200.0,6700,0.33668341708542715,0,4422.222222222223
YMM251208-00000029,SMF37504939,논산 설향딸기 달콤함 가득 겨울과일,일반,0.7,1,26900.0,17900.0,9000,0.3345724907063197,0,38428.57142857143
YMM251208-00000030,SMF78619818,과즙폭발 겨울의 꽃 조생 감귤,로얄과,4.5,3,19900.0,13200.0,20100,0.33668341708542715,0,13266.666666666666
YMM251208-00000033,SMF14158451,초고당도 타이벡 감귤 2025년 첫수확,일반,4.5,1,39000.0,29000.0,10000,0.2564102564102564,0,8666.666666666666
YMM251208-00000034,SMF14158451,초고당도 타이벡 감귤 2025년 첫수확,일반,4.5,1,39000.0,29000.0,10000,0.2564102564102564,0,8666.666666666666
YMM251208-00000035,SMF78619818,과즙폭발 겨울의 꽃 조생 감귤,로얄과,4.5,1,19900.0,13200.0,6700,0.33668341708542715,0,4422.222222222223
YMM251208-00000036,SMF78619818,과즙폭발 겨울의 꽃 조생 감귤,로얄과,4.5,4,19900.0,13200.0,26800,0.33668341708542715,0,17688.88888888889
YMM251208-00000037,SMF13166336,♥1년 중 20일만 맛 볼 수 있는 고당도 노지 황금향♥,일반,4.5,1,29000.0,20000.0,9000,0.3103448275862069,0,6444.444444444444
YMM251208-00000038,SMF14158451,초고당도 타이벡 감귤 2025년 첫수확,일반,2.5,1,29000.0,19000.0,10000,0.3448275862068966,0,11600.0
YMM251208-00000039,SMF13166336,♥1년 중 20일만 맛 볼 수 있는 고당도 노지 황금향♥,일반,4.5,1,29000.0,20000.0,9000,0.3103448275862069,0,6444.444444444444
YMM251208-00000040,SMF14158451,초고당도 타이벡 감귤 2025년 첫수확,일반,2.5,1,29000.0,19000.0,10000,0.3448275862068966,0,11600.0
YMM251208-00000041,SMF37504939,논산 설향딸기 달콤함 가득 겨울과일,일반,0.7,1,26900.0,17900.0,9000,0.3345724907063197,0,38428.57142857143
YMM251208-00000042,SMF13606317,제주산 구좌 흙당근 비세척,일반,3.0,1,14000.0,9500.0,4500,0.32142857142857145,0,4666.666666666667
YMM251208-00000043,SMF14158451,초고당도 타이벡 감귤 2025년 첫수확,일반,4.5,1,39000.0,29000.0,10000,0.2564102564102564,0,8666.666666666666
YMM251208-00000044,SMF13166336,♥1년 중 20일만 맛 볼 수 있는 고당도 노지 황금향♥,일반,4.5,1,29000.0,20000.0,9000,0.3103448275862069,0,6444.444444444444
YMM251208-00000045,SMF12484491,제주 고당도 신품종 옐로향 유라조생 하우스감귤,소과,3.0,1,49000.0,29000.0,20000,0.40816326530612246,0,16333.333333333334
YMM251208-00000046,SMF78619818,과즙폭발 겨울의 꽃 조생 감귤,로얄과,4.5,1,19900.0,13200.0,6700,0.33668341708542715,0,4422.222222222223
YMM251209-00000001,SMF78619818,과즙폭발 겨울의 꽃 조생 감귤,로얄과,4.5,1,19900.0,13200.0,6700,0.33668341708542715,0,4422.222222222223
YMM251209-00000002,SMF13606317,제주산 구좌 흙당근 비세척,일반,3.0,1,14000.0,9500.0,4500,0.32142857142857145,0,4666.666666666667
YMM251209-00000003,SMF78619818,과즙폭발 겨울의 꽃 조생 감귤,로얄과,4.5,1,19900.0,13200.0,6700,0.33668341708542715,0,4422.222222222223
YMM251209-00000009,SMF13166336,♥1년 중 20일만 맛 볼 수 있는 고당도 노지 황금향♥,일반,4.5,1,29000.0,20000.0,9000,0.3103448275862069,0,6444.444444444444
YMM251209-00000010,SMF78619818,과즙폭발 겨울의 꽃 조생 감귤,로얄과,4.5,1,19900.0,13200.0,6700,0.33668341708542715,0,4422.222222222223
YMM251209-00000012,SMF14158451,초고당도 타이벡 감귤 2025년 첫수확,일반,4.5,1,39000.0,29000.0,10000,0.2564102564102564,0,8666.666666666666
YMM251209-00000013,SMF13166336,♥1년 중 20일만 맛 볼 수 있는 고당도 노지 황금향♥,일반,9.0,1,45000.0,30000.0,15000,0.3333333333333333,0,5000.0
YMM251209-00000014,SMF78619818,과즙폭발 겨울의 꽃 조생 감귤,로얄과,2.5,4,14900.0,10000.0,19600,0.3288590604026846,0,23840.0
YMM251209-00000015,SMF14158451,초고당도 타이벡 감귤 2025년 첫수확,일반,2.5,1,29000.0,19000.0,10000,0.3448275862068966,0,11600.0
YMM251209-00000016,SMF13166336,♥1년 중 20일만 맛 볼 수 있는 고당도 노지 황금향♥,일반,4.5,1,29000.0,20000.0,9000,0.3103448275862069,0,6444.444444444444
YMM251209-00000017,SMF13606317,제주산 구좌 흙당근 비세척,일반,10.0,1,25000.0,18000.0,7000,0.28,0,2500.0
YMM251209-00000018,SMF78619818,과즙폭발 겨울의 꽃 조생 감귤,로얄과,4.5,1,19900.0,13200.0,6700,0.33668341708542715,0,4422.222222222223
YMM251209-00000019,SMF78619818,과즙폭발 겨울의 꽃 조생 감귤,로얄과,4.5,2,19900.0,13200.0,13400,0.33668341708542715,0,8844.444444444445
YMM251209-00000021,SMF78619818,과즙폭발 겨울의 꽃 조생 감귤,로얄과,4.5,1,19900.0,13200.0,6700,0.33668341708542715,0,4422.222222222223
YMM251209-00000022,SMF37504939,논산 설향딸기 달콤함 가득 겨울과일,일반,0.7,1,26900.0,17900.0,9000,0.3345724907063197,0,38428.57142857143
YMM251209-00000023,SMF24484057,초고당도 타이벡감귤 2025년 첫 수확,일반,5.0,1,29000.0,19000.0,10000,0.3448275862068966,0,5800.0
YMM251209-00000024,SMF78619818,과즙폭발 겨울의 꽃 조생 감귤,로얄과,4.5,1,19900.0,13200.0,6700,0.33668341708542715,0,4422.222222222223
YMM251209-00000026,SMF78619818,과즙폭발 겨울의 꽃 조생 감귤,로얄과,2.5,1,14900.0,10000.0,4900,0.3288590604026846,0,5960.0
YMM251209-00000027,SMF87201852,초고당도 타이벡감귤 2025년 첫 수확,일반,9.0,1,55000.0,29000.0,26000,0.4727272727272727,0,6111.111111111111
YMM251209-00000029,SMF78619818,과즙폭발 겨울의 꽃 조생 감귤,로얄과,2.5,1,14900.0,10000.0,4900,0.3288590604026846,0,5960.0
YMM251209-00000030,SMF14158451,초고당도 타이벡 감귤 2025년 첫수확,일반,4.5,1,39000.0,29000.0,10000,0.2564102564102564,0,8666.666666666666
YMM251209-00000031,SMF78619818,과즙폭발 겨울의 꽃 조생 감귤,로얄과,4.5,1,19900.0,13200.0,6700,0.33668341708542715,0,4422.222222222223
YMM251209-00000032,SMF78619818,과즙폭발 겨울의 꽃 조생 감귤,로얄과,4.5,1,19900.0,13200.0,6700,0.33668341708542715,0,4422.222222222223
YMM251209-00000033,SMF13606317,제주산 구좌 흙당근 비세척,일반,3.0,1,14000.0,9500.0,4500,0.32142857142857145,0,4666.666666666667
YMM251209-00000034,SMF37504939,논산 설향딸기 달콤함 가득 겨울과일,일반,0.7,1,26900.0,17900.0,9000,0.3345724907063197,0,38428.57142857143
YMM251209-00000035,SMF78619818,과즙폭발 겨울의 꽃 조생 감귤,로얄과,4.5,1,19900.0,13200.0,6700,0.33668341708542715,0,4422.222222222223
YMM251209-00000036,SMF78619818,과즙폭발 겨울의 꽃 조생 감귤,로얄과,2.5,1,14900.0,10000.0,4900,0.3288590604026846,0,5960.0
YMM251209-00000037,SMF14158451,초고당도 타이벡 감귤 2025년 첫수확,일반,2.5,1,29000.0,19000.0,10000,0.3448275862068966,0,11600.0
YMM251210-00000001,SMF78619818,과즙폭발 겨울의 꽃 조생 감귤,로얄과,4.5,1,19900.0,13200.0,6700,0.33668341708542715,0,4422.222222222223
YMM251210-00000002,SMF78619818,과즙폭발 겨울의 꽃 조생 감귤,로얄과,4.5,1,19900.0,13200.0,6700,0.33668341708542715,0,4422.222222222223
YMM251210-00000003,SMF78619818,과즙폭발 겨울의 꽃 조생 감귤,로얄과,4.5,1,19900.0,13200.0,6700,0.33668341708542715,0,4422.222222222223
YMM251210-00000004,SMF78619818,과즙폭발 겨울의 꽃 조생 감귤,로얄과,4.5,1,19900.0,13200.0,6700,0.33668341708542715,0,4422.222222222223
YMM251210-00000005,SMF78619818,과즙폭발 겨울의 꽃 조생 감귤,로얄과,4.5,1,19900.0,13200.0,6700,0.33668341708542715,0,4422.222222222223
YMM251210-00000006,SMF13606317,제주산 구좌 흙당근 비세척,일반,5.0,1,18000.0,12000.0,6000,0.3333333333333333,0,3600.0
YMM251210-00000007,SMF14158451,초고당도 타이벡 감귤 2025년 첫수확,일반,2.5,1,29000.0,19000.0,10000,0.3448275862068966,0,11600.0
YMM251210-00000008,SMF14158451,초고당도 타이벡 감귤 2025년 첫수확,일반,2.5,1,29000.0,19000.0,10000,0.3448275862068966,0,11600.0
YMM251210-00000010,SMF14158451,초고당도 타이벡 감귤 2025년 첫수확,일반,4.5,1,39000.0,29000.0,10000,0.2564102564102564,0,8666.666666666666
YMM251210-00000011,SMF78619818,과즙폭발 겨울의 꽃 조생 감귤,로얄과,4.5,1,19900.0,13200.0,6700,0.33668341708542715,0,4422.222222222223
YMM251210-00000012,SMF78619818,과즙폭발 겨울의 꽃 조생 감귤,로얄과,4.5,1,19900.0,13200.0,6700,0.33668341708542715,0,4422.222222222223
YMM251210-00000013,SMF78619818,과즙폭발 겨울의 꽃 조생 감귤,로얄과,4.5,2,19900.0,13200.0,13400,0.33668341708542715,0,8844.444444444445
YMM251210-00000014,SMF78619818,과즙폭발 겨울의 꽃 조생 감귤,로얄과,4.5,1,19900.0,13200.0,6700,0.33668341708542715,0,4422.222222222223
YMM251210-00000015,SMF78619818,과즙폭발 겨울의 꽃 조생 감귤,로얄과,4.5,1,19900.0,13200.0,6700,0.33668341708542715,0,4422.222222222223
YMM251210-00000016,SMF78619818,과즙폭발 겨울의 꽃 조생 감귤,로얄과,2.5,1,14900.0,10000.0,4900,0.3288590604026846,0,5960.0
YMM251210-00000017,SMF78619818,과즙폭발 겨울의 꽃 조생 감귤,로얄과,4.5,1,19900.0,13200.0,6700,0.33668341708542715,0,4422.222222222223
YMM251210-00000018,SMF78619818,과즙폭발 겨울의 꽃 조생 감귤,로얄과,4.5,1,19900.0,13200.0,6700,0.33668341708542715,0,4422.222222222223
YMM251210-00000019,SMF14158451,초고당도 타이벡 감귤 2025년 첫수확,일반,2.5,1,29000.0,19000.0,10000,0.3448275862068966,0,11600.0
YMM251210-00000020,SMF78619818,과즙폭발 겨울의 꽃 조생 감귤,로얄과,4.5,1,19900.0,13200.0,6700,0.33668341708542715,0,4422.222222222223
YMM251210-00000021,SMF78619818,과즙폭발 겨울의 꽃 조생 감귤,로얄과,2.5,1,14900.0,10000.0,4900,0.3288590604026846,0,5960.0
YMM251210-00000023,SMF37504939,논산 설향딸기 달콤함 가득 겨울과일,일반,0.7,1,26900.0,17900.0,9000,0.3345724907063197,0,38428.57142857143
YMM251210-00000025,SMF78619818,과즙폭발 겨울의 꽃 조생 감귤,로얄과,4.5,1,19900.0,13200.0,6700,0.33668341708542715,0,4422.222222222223
YMM251210-00000026,SMF14158451,초고당도 타이벡 감귤 2025년 첫수확,일반,4.5,1,39000.0,29000.0,10000,0.2564102564102564,0,8666.666666666666
YMM251210-00000029,SMF37504939,논산 설향딸기 달콤함 가득 겨울과일,일반,0.7,6,26900.0,17900.0,54000,0.3345724907063197,0,230571.42857142858
YMM251210-00000030,SMF78619818,과즙폭발 겨울의 꽃 조생 감귤,로얄과,2.5,1,14900.0,10000.0,4900,0.3288590604026846,0,5960.0
YMM251210-00000032,SMF78619818,과즙폭발 겨울의 꽃 조생 감귤,로얄과,2.5,1,14900.0,10000.0,4900,0.3288590604026846,0,5960.0
YMM251210-00000033,SMF78619818,과즙폭발 겨울의 꽃 조생 감귤,로얄과,4.5,1,19900.0,13200.0,6700,0.33668341708542715,0,4422.222222222223
YMM251210-00000034,SMF78619818,과즙폭발 겨울의 꽃 조생 감귤,로얄과,4.5,1,19900.0,13200.0,6700,0.33668341708542715,0,4422.222222222223
YMM251210-00000036,SMF78619818,과즙폭발 겨울의 꽃 조생 감귤,로얄과,4.5,1,19900.0,13200.0,6700,0.33668341708542715,0,4422.222222222223
YMM251210-00000037,SMF14158451,초고당도 타이벡 감귤 2025년 첫수확,일반,2.5,1,29000.0,19000.0,10000,0.3448275862068966,0,11600.0
YMM251210-00000038,SMF13166336,♥1년 중 20일만 맛 볼 수 있는 고당도 노지 황금향♥,일반,4.5,1,29000.0,20000.0,9000,0.3103448275862069,0,6444.444444444444
YMM251210-00000039,SMF14158451,초고당도 타이벡 감귤 2025년 첫수확,일반,2.5,1,29000.0,19000.0,10000,0.3448275862068966,0,11600.0
YMM251210-00000040,SMF13166336,♥1년 중 20일만 맛 볼 수 있는 고당도 노지 황금향♥,일반,4.5,1,29000.0,20000.0,9000,0.3103448275862069,0,6444.444444444444
YMM251210-00000041,SMF13166336,♥1년 중 20일만 맛 볼 수 있는 고당도 노지 황금향♥,일반,9.0,1,45000.0,30000.0,15000,0.3333333333333333,0,5000.0
YMM251210-00000042,SMF13166336,♥1년 중 20일만 맛 볼 수 있는 고당도 노지 황금향♥,일반,4.5,1,29000.0,20000.0,9000,0.3103448275862069,0,6444.444444444444
YMM251210-00000043,SMF37504939,논산 설향딸기 달콤함 가득 겨울과일,일반,0.7,1,26900.0,17900.0,9000,0.3345724907063197,0,38428.57142857143
YMM251210-00000044,SMF14158451,초고당도 타이벡 감귤 2025년 첫수확,일반,4.5,1,39000.0,29000.0,10000,0.2564102564102564,0,8666.666666666666
YMM251211-00000002,SMF13606317,제주산 구좌 흙당근 비세척,일반,3.0,1,16500.0,12000.0,4500,0.2727272727272727,0,5500.0
YMM251211-00000003,SMF13166336,♥1년 중 20일만 맛 볼 수 있는 고당도 노지 황금향♥,일반,9.0,1,45000.0,30000.0,15000,0.3333333333333333,0,5000.0
YMM251211-00000004,SMF37504939,논산 설향딸기 달콤함 가득 겨울과일,일반,0.7,1,26900.0,17900.0,9000,0.3345724907063197,0,38428.57142857143
YMM251211-00000005,SMF78619818,과즙폭발 겨울의 꽃 조생 감귤,로얄과,4.5,4,19900.0,13200.0,26800,0.33668341708542715,0,17688.88888888889
YMM251211-00000007,SMF13166336,♥1년 중 20일만 맛 볼 수 있는 고당도 노지 황금향♥,일반,4.5,2,29000.0,20000.0,18000,0.3103448275862069,0,12888.888888888889
YMM251211-00000009,SMF78619818,과즙폭발 겨울의 꽃 조생 감귤,로얄과,4.5,1,19900.0,13200.0,6700,0.33668341708542715,0,4422.222222222223
YMM251211-00000010,SMF13606317,제주산 구좌 흙당근 비세척,일반,3.0,1,15000.0,10500.0,4500,0.3,0,5000.0
YMM251211-00000011,SMF78619818,과즙폭발 겨울의 꽃 조생 감귤,로얄과,4.5,5,19900.0,13200.0,33500,0.33668341708542715,0,22111.11111111111
YMM251211-00000012,SMF78619818,과즙폭발 겨울의 꽃 조생 감귤,로얄과,4.5,1,19900.0,13200.0,6700,0.33668341708542715,0,4422.222222222223
YMM251211-00000013,SMF13166336,♥1년 중 20일만 맛 볼 수 있는 고당도 노지 황금향♥,일반,4.5,2,29000.0,20000.0,18000,0.3103448275862069,0,12888.888888888889
YMM251211-00000014,SMF78619818,과즙폭발 겨울의 꽃 조생 감귤,로얄과,4.5,1,19900.0,13200.0,6700,0.33668341708542715,0,4422.222222222223
YMM251211-00000015,SMF78619818,과즙폭발 겨울의 꽃 조생 감귤,로얄과,2.5,1,14900.0,10000.0,4900,0.3288590604026846,0,5960.0
YMM251211-00000016,SMF78619818,과즙폭발 겨울의 꽃 조생 감귤,로얄과,2.5,1,14900.0,10000.0,4900,0.3288590604026846,0,5960.0
YMM251211-00000017,SMF78619818,과즙폭발 겨울의 꽃 조생 감귤,로얄과,4.5,1,19900.0,13200.0,6700,0.33668341708542715,0,4422.222222222223
YMM251211-00000018,SMF78619818,과즙폭발 겨울의 꽃 조생 감귤,로얄과,2.5,1,14900.0,10000.0,4900,0.3288590604026846,0,5960.0
YMM251211-00000019,SMF78619818,과즙폭발 겨울의 꽃 조생 감귤,로얄과,2.5,1,14900.0,10000.0,4900,0.3288590604026846,0,5960.0
YMM251211-00000022,SMF37504939,논산 설향딸기 달콤함 가득 겨울과일,일반,0.7,1,26900.0,17900.0,9000,0.3345724907063197,0,38428.57142857143
YMM251211-00000023,SMF78619818,과즙폭발 겨울의 꽃 조생 감귤,로얄과,4.5,1,19900.0,13200.0,6700,0.33668341708542715,0,4422.222222222223
YMM251211-00000024,SMF78619818,과즙폭발 겨울의 꽃 조생 감귤,로얄과,2.5,1,14900.0,10000.0,4900,0.3288590604026846,0,5960.0
YMM251211-00000025,SMF78619818,과즙폭발 겨울의 꽃 조생 감귤,로얄과,2.5,1,14900.0,10000.0,4900,0.3288590604026846,0,5960.0
YMM251211-00000026,SMF13166336,♥1년 중 20일만 맛 볼 수 있는 고당도 노지 황금향♥,일반,9.0,1,45000.0,30000.0,15000,0.3333333333333333,0,5000.0
YMM251211-00000028,SMF14158451,초고당도 타이벡 감귤 2025년 첫수확,일반,4.5,1,39000.0,29000.0,10000,0.2564102564102564,0,8666.666666666666
YMM251211-00000030,SMF14158451,초고당도 타이벡 감귤 2025년 첫수확,일반,4.5,1,39000.0,29000.0,10000,0.2564102564102564,0,8666.666666666666
YMM251211-00000032,SMF78619818,과즙폭발 겨울의 꽃 조생 감귤,로얄과,2.5,7,14900.0,10000.0,34300,0.3288590604026846,0,41720.0
YMM251211-00000033,SMF78619818,과즙폭발 겨울의 꽃 조생 감귤,로얄과,4.5,1,19900.0,13200.0,6700,0.33668341708542715,0,4422.222222222223
YMM251211-00000034,SMF13166336,♥1년 중 20일만 맛 볼 수 있는 고당도 노지 황금향♥,일반,4.5,1,29000.0,20000.0,9000,0.3103448275862069,0,6444.444444444444
YMM251211-00000035,SMF78619818,과즙폭발 겨울의 꽃 조생 감귤,로얄과,4.5,1,19900.0,13200.0,6700,0.33668341708542715,0,4422.222222222223
YMM251211-00000036,SMF78619818,과즙폭발 겨울의 꽃 조생 감귤,로얄과,2.5,1,14900.0,10000.0,4900,0.3288590604026846,0,5960.0
YMM251211-00000037,SMF78619818,과즙폭발 겨울의 꽃 조생 감귤,로얄과,2.5,1,14900.0,10000.0,4900,0.3288590604026846,0,5960.0
YMM251211-00000038,SMF78619818,과즙폭발 겨울의 꽃 조생 감귤,로얄과,4.5,1,19900.0,13200.0,6700,0.33668341708542715,0,4422.222222222223
YMM251211-00000039,SMF78619818,과즙폭발 겨울의 꽃 조생 감귤,로얄과,4.5,1,19900.0,13200.0,6700,0.33668341708542715,0,4422.222222222223
YMM251211-00000040,SMF78619818,과즙폭발 겨울의 꽃 조생 감귤,로얄과,4.5,1,19900.0,13200.0,6700,0.33668341708542715,0,4422.222222222223
YMM251211-00000041,SMF78619818,과즙폭발 겨울의 꽃 조생 감귤,로얄과,4.5,1,19900.0,13200.0,6700,0.33668341708542715,0,4422.222222222223
YMM251211-00000044,SMF78619818,과즙폭발 겨울의 꽃 조생 감귤,로얄과,2.5,1,14900.0,10000.0,4900,0.3288590604026846,0,5960.0
YMM251211-00000045,SMF78619818,과즙폭발 겨울의 꽃 조생 감귤,로얄과,2.5,1,14900.0,10000.0,4900,0.3288590604026846,0,5960.0
YMM251211-00000046,SMF13606317,제주산 구좌 흙당근 비세척,일반,3.0,1,14000.0,9500.0,4500,0.32142857142857145,0,4666.666666666667
YMM251212-00000002,SMF78619818,과즙폭발 겨울의 꽃 조생 감귤,로얄과,4.5,1,19900.0,13200.0,6700,0.33668341708542715,0,4422.222222222223
YMM251212-00000003,SMF78619818,과즙폭발 겨울의 꽃 조생 감귤,로얄과,4.5,1,19900.0,13200.0,6700,0.33668341708542715,0,4422.222222222223
YMM251212-00000004,SMF36412041,초고당도 타이벡감귤 2025년 첫 수확,일반,9.0,22,40000.0,40000.0,0,0.0,0,97777.77777777778
YMM251212-00000005,SMF78619818,과즙폭발 겨울의 꽃 조생 감귤,로얄과,4.5,1,19900.0,13200.0,6700,0.33668341708542715,0,4422.222222222223
YMM251212-00000006,SMF78619818,과즙폭발 겨울의 꽃 조생 감귤,로얄과,2.5,1,14900.0,10000.0,4900,0.3288590604026846,0,5960.0
YMM251212-00000007,SMF78619818,과즙폭발 겨울의 꽃 조생 감귤,로얄과,2.5,13,14900.0,10000.0,63700,0.3288590604026846,0,77480.0
YMM251212-00000008,SMF78619818,과즙폭발 겨울의 꽃 조생 감귤,로얄과,2.5,1,14900.0,10000.0,4900,0.3288590604026846,0,5960.0
YMM251212-00000009,SMF13166336,♥1년 중 20일만 맛 볼 수 있는 고당도 노지 황금향♥,일반,4.5,1,29000.0,20000.0,9000,0.3103448275862069,0,6444.444444444444
YMM251212-00000010,SMF13166336,♥1년 중 20일만 맛 볼 수 있는 고당도 노지 황금향♥,일반,4.5,1,29000.0,20000.0,9000,0.3103448275862069,0,6444.444444444444
YMM251212-00000011,SMF14158451,초고당도 타이벡 감귤 2025년 첫수확,일반,2.5,1,29000.0,19000.0,10000,0.3448275862068966,0,11600.0
YMM251212-00000012,SMF78619818,과즙폭발 겨울의 꽃 조생 감귤,로얄과,4.5,1,19900.0,13200.0,6700,0.33668341708542715,0,4422.222222222223
YMM251212-00000013,SMF78619818,과즙폭발 겨울의 꽃 조생 감귤,로얄과,2.5,1,14900.0,10000.0,4900,0.3288590604026846,0,5960.0
YMM251212-00000014,SMF78619818,과즙폭발 겨울의 꽃 조생 감귤,로얄과,2.5,1,14900.0,10000.0,4900,0.3288590604026846,0,5960.0
YMM251212-00000016,SMF14158451,초고당도 타이벡 감귤 2025년 첫수확,일반,4.5,1,39000.0,29000.0,10000,0.2564102564102564,0,8666.666666666666
YMM251212-00000017,SMF78619818,과즙폭발 겨울의 꽃 조생 감귤,로얄과,2.5,1,14900.0,10000.0,4900,0.3288590604026846,0,5960.0
YMM251212-00000018,SMF14158451,초고당도 타이벡 감귤 2025년 첫수확,일반,2.5,1,29000.0,19000.0,10000,0.3448275862068966,0,11600.0
YMM251212-00000020,SMF78619818,과즙폭발 겨울의 꽃 조생 감귤,로얄과,4.5,1,19900.0,13200.0,6700,0.33668341708542715,0,4422.222222222223
YMM251212-00000021,SMF14158451,초고당도 타이벡 감귤 2025년 첫수확,일반,2.5,2,29000.0,19000.0,20000,0.3448275862068966,0,23200.0
YMM251212-00000025,SMF13166336,♥1년 중 20일만 맛 볼 수 있는 고당도 노지 황금향♥,일반,4.5,1,29000.0,20000.0,9000,0.3103448275862069,0,6444.444444444444
YMM251212-00000026,SMF78619818,과즙폭발 겨울의 꽃 조생 감귤,로얄과,2.5,1,14900.0,10000.0,4900,0.3288590604026846,0,5960.0
YMM251212-00000027,SMF78619818,과즙폭발 겨울의 꽃 조생 감귤,로얄과,4.5,1,19900.0,13200.0,6700,0.33668341708542715,0,4422.222222222223
YMM251212-00000028,SMF14158451,초고당도 타이벡 감귤 2025년 첫수확,일반,4.5,1,39000.0,29000.0,10000,0.2564102564102564,0,8666.666666666666
YMM251212-00000029,SMF14158451,초고당도 타이벡 감귤 2025년 첫수확,일반,4.5,2,39000.0,29000.0,20000,0.2564102564102564,0,17333.333333333332
YMM251212-00000030,SMF13166336,♥1년 중 20일만 맛 볼 수 있는 고당도 노지 황금향♥,일반,4.5,1,29000.0,20000.0,9000,0.3103448275862069,0,6444.444444444444
YMM251212-00000032,SMF13166336,♥1년 중 20일만 맛 볼 수 있는 고당도 노지 황금향♥,일반,4.5,1,29000.0,20000.0,9000,0.3103448275862069,0,6444.444444444444
YMM251212-00000033,SMF78619818,과즙폭발 겨울의 꽃 조생 감귤,로얄과,2.5,1,14900.0,10000.0,4900,0.3288590604026846,0,5960.0
YMM251212-00000034,SMF78619818,과즙폭발 겨울의 꽃 조생 감귤,로얄과,2.5,1,14900.0,10000.0,4900,0.3288590604026846,0,5960.0
YMM251212-00000035,SMF78619818,과즙폭발 겨울의 꽃 조생 감귤,로얄과,4.5,2,19900.0,13200.0,13400,0.33668341708542715,0,8844.444444444445
YMM251212-00000036,SMF13606317,제주산 구좌 흙당근 비세척,일반,3.0,1,14000.0,9500.0,4500,0.32142857142857145,0,4666.666666666667
YMM251212-00000037,SMF14158451,초고당도 타이벡 감귤 2025년 첫수확,일반,4.5,1,39000.0,29000.0,10000,0.2564102564102564,0,8666.666666666666
YMM251212-00000038,SMF37504939,논산 설향딸기 달콤함 가득 겨울과일,일반,0.7,1,26900.0,17900.0,9000,0.3345724907063197,0,38428.57142857143
YMM251213-00000001,SMF78619818,과즙폭발 겨울의 꽃 조생 감귤,로얄과,4.5,1,19900.0,13200.0,6700,0.33668341708542715,0,4422.222222222223
YMM251213-00000002,SMF13166336,♥1년 중 20일만 맛 볼 수 있는 고당도 노지 황금향♥,일반,4.5,1,29000.0,20000.0,9000,0.3103448275862069,0,6444.444444444444
YMM251213-00000003,SMF78619818,과즙폭발 겨울의 꽃 조생 감귤,로얄과,4.5,1,19900.0,13200.0,6700,0.33668341708542715,0,4422.222222222223
YMM251213-00000004,SMF78619818,과즙폭발 겨울의 꽃 조생 감귤,로얄과,4.5,1,19900.0,13200.0,6700,0.33668341708542715,0,4422.222222222223
YMM251213-00000005,SMF78619818,과즙폭발 겨울의 꽃 조생 감귤,로얄과,4.5,4,19900.0,13200.0,26800,0.33668341708542715,0,17688.88888888889
YMM251213-00000006,SMF78619818,과즙폭발 겨울의 꽃 조생 감귤,로얄과,2.5,1,14900.0,10000.0,4900,0.3288590604026846,0,5960.0
YMM251213-00000008,SMF13606317,제주산 구좌 흙당근 비세척,일반,3.0,1,14000.0,9500.0,4500,0.32142857142857145,0,4666.666666666667
YMM251213-00000009,SMF78619818,과즙폭발 겨울의 꽃 조생 감귤,로얄과,2.5,1,14900.0,10000.0,4900,0.3288590604026846,0,5960.0
YMM251213-00000010,SMF14158451,초고당도 타이벡 감귤 2025년 첫수확,일반,4.5,1,39000.0,29000.0,10000,0.2564102564102564,0,8666.666666666666
YMM251213-00000014,SMF14158451,초고당도 타이벡 감귤 2025년 첫수확,일반,4.5,1,39000.0,29000.0,10000,0.2564102564102564,0,8666.666666666666
YMM251213-00000015,SMF78619818,과즙폭발 겨울의 꽃 조생 감귤,로얄과,4.5,1,19900.0,13200.0,6700,0.33668341708542715,0,4422.222222222223
YMM251213-00000016,SMF78619818,과즙폭발 겨울의 꽃 조생 감귤,로얄과,4.5,1,19900.0,13200.0,6700,0.33668341708542715,0,4422.222222222223
YMM251213-00000017,SMF78619818,과즙폭발 겨울의 꽃 조생 감귤,로얄과,2.5,1,14900.0,10000.0,4900,0.3288590604026846,0,5960.0
YMM251213-00000018,SMF78619818,과즙폭발 겨울의 꽃 조생 감귤,로얄과,4.5,1,19900.0,13200.0,6700,0.33668341708542715,0,4422.222222222223
YMM251213-00000019,SMF78619818,과즙폭발 겨울의 꽃 조생 감귤,로얄과,4.5,1,19900.0,13200.0,6700,0.33668341708542715,0,4422.222222222223
YMM251213-00000020,SMF13606317,제주산 구좌 흙당근 비세척,일반,3.0,1,14000.0,9500.0,4500,0.32142857142857145,0,4666.666666666667
YMM251213-00000021,SMF78619818,과즙폭발 겨울의 꽃 조생 감귤,로얄과,4.5,1,19900.0,13200.0,6700,0.33668341708542715,0,4422.222222222223
YMM251213-00000022,SMF13166336,♥1년 중 20일만 맛 볼 수 있는 고당도 노지 황금향♥,일반,4.5,1,29000.0,20000.0,9000,0.3103448275862069,0,6444.444444444444
YMM251214-00000001,SMF78619818,과즙폭발 겨울의 꽃 조생 감귤,로얄과,2.5,1,14900.0,10000.0,4900,0.3288590604026846,0,5960.0
YMM251214-00000002,SMF78619818,과즙폭발 겨울의 꽃 조생 감귤,로얄과,2.5,1,14900.0,10000.0,4900,0.3288590604026846,0,5960.0
YMM251214-00000003,SMF78619818,과즙폭발 겨울의 꽃 조생 감귤,로얄과,4.5,1,19900.0,13200.0,6700,0.33668341708542715,0,4422.222222222223
YMM251214-00000004,SMF78619818,과즙폭발 겨울의 꽃 조생 감귤,로얄과,4.5,1,19900.0,13200.0,6700,0.33668341708542715,0,4422.222222222223
YMM251214-00000005,SMF78619818,과즙폭발 겨울의 꽃 조생 감귤,로얄과,2.5,1,14900.0,10000.0,4900,0.3288590604026846,0,5960.0
YMM251214-00000007,SMF78619818,과즙폭발 겨울의 꽃 조생 감귤,로얄과,2.5,1,14900.0,10000.0,4900,0.3288590604026846,0,5960.0
YMM251214-00000008,SMF14158451,초고당도 타이벡 감귤 2025년 첫수확,일반,2.5,1,29000.0,19000.0,10000,0.3448275862068966,0,11600.0
YMM251214-00000009,SMF78619818,과즙폭발 겨울의 꽃 조생 감귤,로얄과,2.5,1,14900.0,10000.0,4900,0.3288590604026846,0,5960.0
YMM251214-00000010,SMF78619818,과즙폭발 겨울의 꽃 조생 감귤,로얄과,2.5,1,14900.0,10000.0,4900,0.3288590604026846,0,5960.0
YMM251214-00000011,SMF78619818,과즙폭발 겨울의 꽃 조생 감귤,로얄과,4.5,1,19900.0,13200.0,6700,0.33668341708542715,0,4422.222222222223
YMM251214-00000012,SMF78619818,과즙폭발 겨울의 꽃 조생 감귤,로얄과,4.5,1,19900.0,13200.0,6700,0.33668341708542715,0,4422.222222222223
YMM251214-00000013,SMF78619818,과즙폭발 겨울의 꽃 조생 감귤,로얄과,2.5,1,14900.0,10000.0,4900,0.3288590604026846,0,5960.0
YMM251214-00000014,SMF14158451,초고당도 타이벡 감귤 2025년 첫수확,일반,4.5,2,34000.0,24000.0,20000,0.29411764705882354,0,15111.111111111111
YMM251214-00000015,SMF78619818,과즙폭발 겨울의 꽃 조생 감귤,로얄과,4.5,1,19900.0,13200.0,6700,0.33668341708542715,0,4422.222222222223
YMM251214-00000016,SMF13166336,♥1년 중 20일만 맛 볼 수 있는 고당도 노지 황금향♥,일반,4.5,1,29000.0,20000.0,9000,0.3103448275862069,0,6444.444444444444
YMM251214-00000017,SMF24484057,초고당도 타이벡감귤 2025년 첫 수확,일반,9.0,1,39000.0,29000.0,10000,0.2564102564102564,0,4333.333333333333
YMM251214-00000018,SMF78619818,과즙폭발 겨울의 꽃 조생 감귤,로얄과,4.5,1,19900.0,13200.0,6700,0.33668341708542715,0,4422.222222222223
YMM251214-00000019,SMF14158451,초고당도 타이벡 감귤 2025년 첫수확,일반,4.5,1,39000.0,29000.0,10000,0.2564102564102564,0,8666.666666666666
YMM251214-00000020,SMF78619818,과즙폭발 겨울의 꽃 조생 감귤,로얄과,4.5,1,19900.0,13200.0,6700,0.33668341708542715,0,4422.222222222223
YMM251214-00000021,SMF78619818,과즙폭발 겨울의 꽃 조생 감귤,로얄과,4.5,2,19900.0,13200.0,13400,0.33668341708542715,0,8844.444444444445
YMM251214-00000022,SMF78619818,과즙폭발 겨울의 꽃 조생 감귤,로얄과,2.5,1,14900.0,10000.0,4900,0.3288590604026846,0,5960.0
YMM251214-00000024,SMF14158451,초고당도 타이벡 감귤 2025년 첫수확,일반,2.5,1,29000.0,19000.0,10000,0.3448275862068966,0,11600.0
YMM251215-00000001,SMF14158451,초고당도 타이벡 감귤 2025년 첫수확,일반,4.5,1,39000.0,29000.0,10000,0.2564102564102564,0,8666.666666666666
YMM251215-00000004,SMF78619818,과즙폭발 겨울의 꽃 조생 감귤,로얄과,4.5,2,19900.0,13200.0,13400,0.33668341708542715,0,8844.444444444445
YMM251215-00000005,SMF78619818,과즙폭발 겨울의 꽃 조생 감귤,로얄과,4.5,1,19900.0,13200.0,6700,0.33668341708542715,0,4422.222222222223
YMM251215-00000008,SMF13606317,제주산 구좌 흙당근 비세척,일반,5.0,1,18000.0,12000.0,6000,0.3333333333333333,0,3600.0
YMM251215-00000009,SMF13606317,제주산 구좌 흙당근 비세척,일반,3.0,1,14000.0,9500.0,4500,0.32142857142857145,0,4666.666666666667
YMM251215-00000010,SMF14158451,초고당도 타이벡 감귤 2025년 첫수확,일반,4.5,1,39000.0,29000.0,10000,0.2564102564102564,0,8666.666666666666
YMM251215-00000011,SMF78619818,과즙폭발 겨울의 꽃 조생 감귤,로얄과,2.5,1,14900.0,10000.0,4900,0.3288590604026846,0,5960.0
YMM251215-00000012,SMF78619818,과즙폭발 겨울의 꽃 조생 감귤,로얄과,4.5,1,19900.0,13200.0,6700,0.33668341708542715,0,4422.222222222223
YMM251215-00000014,SMF78619818,과즙폭발 겨울의 꽃 조생 감귤,로얄과,4.5,1,19900.0,13200.0,6700,0.33668341708542715,0,4422.222222222223
YMM251215-00000015,SMF78619818,과즙폭발 겨울의 꽃 조생 감귤,로얄과,2.5,1,14900.0,10000.0,4900,0.3288590604026846,0,5960.0
YMM251215-00000016,SMF78619818,과즙폭발 겨울의 꽃 조생 감귤,로얄과,4.5,2,19900.0,13200.0,13400,0.33668341708542715,0,8844.444444444445
YMM251215-00000018,SMF37504939,논산 설향딸기 달콤함 가득 겨울과일,일반,0.7,1,26900.0,17900.0,9000,0.3345724907063197,0,38428.57142857143
YMM251215-00000019,SMF13166336,♥1년 중 20일만 맛 볼 수 있는 고당도 노지 황금향♥,일반,4.5,1,29000.0,20000.0,9000,0.3103448275862069,0,6444.444444444444
YMM251215-00000020,SMF37504939,논산 설향딸기 달콤함 가득 겨울과일,일반,0.7,1,26900.0,17900.0,9000,0.3345724907063197,0,38428.57142857143
YMM251215-00000021,SMF13166336,♥1년 중 20일만 맛 볼 수 있는 고당도 노지 황금향♥,일반,4.5,1,29000.0,20000.0,9000,0.3103448275862069,0,6444.444444444444
YMM251215-00000022,SMF78619818,과즙폭발 겨울의 꽃 조생 감귤,로얄과,4.5,1,19900.0,13200.0,6700,0.33668341708542715,0,4422.222222222223
YMM251215-00000023,SMF78619818,과즙폭발 겨울의 꽃 조생 감귤,로얄과,4.5,1,19900.0,13200.0,6700,0.33668341708542715,0,4422.222222222223
YMM251215-00000024,SMF78619818,과즙폭발 겨울의 꽃 조생 감귤,로얄과,4.5,1,19900.0,13200.0,6700,0.33668341708542715,0,4422.222222222223
YMM251215-00000025,SMF13606317,제주산 구좌 흙당근 비세척,일반,5.0,1,18000.0,12000.0,6000,0.3333333333333333,0,3600.0
YMM251215-00000026,SMF12484491,제주 고당도 신품종 옐로향 유라조생 하우스감귤,소과,3.0,1,49000.0,29000.0,20000,0.40816326530612246,0,16333.333333333334
YMM251215-00000027,SMF14158451,초고당도 타이벡 감귤 2025년 첫수확,일반,4.5,2,39000.0,29000.0,20000,0.2564102564102564,0,17333.333333333332
YMM251215-00000029,SMF78619818,과즙폭발 겨울의 꽃 조생 감귤,로얄과,4.5,1,19900.0,13200.0,6700,0.33668341708542715,0,4422.222222222223
YMM251215-00000030,SMF14158451,초고당도 타이벡 감귤 2025년 첫수확,일반,4.5,1,39000.0,29000.0,10000,0.2564102564102564,0,8666.666666666666
YMM251215-00000031,SMF14158451,초고당도 타이벡 감귤 2025년 첫수확,일반,2.5,1,29000.0,19000.0,10000,0.3448275862068966,0,11600.0
YMM251215-00000032,SMF78619818,과즙폭발 겨울의 꽃 조생 감귤,로얄과,4.5,1,19900.0,13200.0,6700,0.33668341708542715,0,4422.222222222223
YMM251215-00000034,SMF78619818,과즙폭발 겨울의 꽃 조생 감귤,로얄과,4.5,1,19900.0,13200.0,6700,0.33668341708542715,0,4422.222222222223
YMM251215-00000035,SMF78619818,과즙폭발 겨울의 꽃 조생 감귤,로얄과,2.5,1,14900.0,10000.0,4900,0.3288590604026846,0,5960.0
YMM251216-00000002,SMF13166336,♥1년 중 20일만 맛 볼 수 있는 고당도 노지 황금향♥,일반,4.5,1,29000.0,20000.0,9000,0.3103448275862069,0,6444.444444444444
YMM251216-00000003,SMF78619818,과즙폭발 겨울의 꽃 조생 감귤,로얄과,4.5,1,19900.0,13200.0,6700,0.33668341708542715,0,4422.222222222223
YMM251216-00000004,SMF78619818,과즙폭발 겨울의 꽃 조생 감귤,로얄과,4.5,1,19900.0,13200.0,6700,0.33668341708542715,0,4422.222222222223
YMM251216-00000005,SMF14158451,초고당도 타이벡 감귤 2025년 첫수확,일반,4.5,1,39000.0,29000.0,10000,0.2564102564102564,0,8666.666666666666
YMM251216-00000006,SMF14158451,초고당도 타이벡 감귤 2025년 첫수확,일반,4.5,1,39000.0,29000.0,10000,0.2564102564102564,0,8666.666666666666
YMM251216-00000007,SMF78619818,과즙폭발 겨울의 꽃 조생 감귤,로얄과,2.5,1,14900.0,10000.0,4900,0.3288590604026846,0,5960.0
YMM251216-00000008,SMF14158451,초고당도 타이벡 감귤 2025년 첫수확,일반,4.5,1,39000.0,29000.0,10000,0.2564102564102564,0,8666.666666666666
YMM251216-00000009,SMF24484057,초고당도 타이벡감귤 2025년 첫 수확,일반,9.0,1,39000.0,29000.0,10000,0.2564102564102564,0,4333.333333333333
YMM251216-00000010,SMF78619818,과즙폭발 겨울의 꽃 조생 감귤,로얄과,2.5,1,14900.0,10000.0,4900,0.3288590604026846,0,5960.0
YMM251216-00000011,SMF13166336,♥1년 중 20일만 맛 볼 수 있는 고당도 노지 황금향♥,일반,9.0,1,45000.0,30000.0,15000,0.3333333333333333,0,5000.0
YMM251216-00000012,SMF78619818,과즙폭발 겨울의 꽃 조생 감귤,로얄과,2.5,1,14900.0,10000.0,4900,0.3288590604026846,0,5960.0
YMM251216-00000013,SMF13606317,제주산 구좌 흙당근 비세척,일반,3.0,1,14000.0,9500.0,4500,0.32142857142857145,0,4666.666666666667
YMM251216-00000014,SMF78619818,과즙폭발 겨울의 꽃 조생 감귤,로얄과,4.5,2,19900.0,13200.0,13400,0.33668341708542715,0,8844.444444444445
YMM251216-00000015,SMF14158451,초고당도 타이벡 감귤 2025년 첫수확,일반,4.5,1,39000.0,29000.0,10000,0.2564102564102564,0,8666.666666666666
YMM251216-00000016,SMF78619818,과즙폭발 겨울의 꽃 조생 감귤,로얄과,4.5,1,19900.0,13200.0,6700,0.33668341708542715,0,4422.222222222223
YMM251216-00000017,SMF14158451,초고당도 타이벡 감귤 2025년 첫수확,일반,4.5,1,39000.0,29000.0,10000,0.2564102564102564,0,8666.666666666666
YMM251216-00000020,SMF14158451,초고당도 타이벡 감귤 2025년 첫수확,일반,2.5,1,29000.0,19000.0,10000,0.3448275862068966,0,11600.0
YMM251216-00000021,SMF37504939,논산 설향딸기 달콤함 가득 겨울과일,일반,0.7,1,26900.0,17900.0,9000,0.3345724907063197,0,38428.57142857143
YMM251216-00000022,SMF14158451,초고당도 타이벡 감귤 2025년 첫수확,일반,4.5,1,39000.0,29000.0,10000,0.2564102564102564,0,8666.666666666666
YMM251216-00000024,SMF24484057,초고당도 타이벡감귤 2025년 첫 수확,일반,5.0,1,29000.0,19000.0,10000,0.3448275862068966,0,5800.0
YMM251216-00000025,SMF78619818,과즙폭발 겨울의 꽃 조생 감귤,로얄과,4.5,2,19900.0,13200.0,13400,0.33668341708542715,0,8844.444444444445
YMM251216-00000026,SMF14158451,초고당도 타이벡 감귤 2025년 첫수확,일반,2.5,1,29000.0,19000.0,10000,0.3448275862068966,0,11600.0
YMM251216-00000027,SMF78619818,과즙폭발 겨울의 꽃 조생 감귤,로얄과,2.5,1,14900.0,10000.0,4900,0.3288590604026846,0,5960.0
YMM251216-00000028,SMF24484057,초고당도 타이벡감귤 2025년 첫 수확,일반,9.0,1,39000.0,29000.0,10000,0.2564102564102564,0,4333.333333333333
YMM251216-00000029,SMF24484057,초고당도 타이벡감귤 2025년 첫 수확,일반,9.0,1,39000.0,29000.0,10000,0.2564102564102564,0,4333.333333333333
YMM251216-00000030,SMF78619818,과즙폭발 겨울의 꽃 조생 감귤,로얄과,4.5,1,19900.0,13200.0,6700,0.33668341708542715,0,4422.222222222223
YMM251216-00000031,SMF78619818,과즙폭발 겨울의 꽃 조생 감귤,로얄과,4.5,1,19900.0,13200.0,6700,0.33668341708542715,0,4422.222222222223
YMM251216-00000032,SMF78619818,과즙폭발 겨울의 꽃 조생 감귤,로얄과,4.5,1,19900.0,13200.0,6700,0.33668341708542715,0,4422.222222222223
YMM251216-00000033,SMF14158451,초고당도 타이벡 감귤 2025년 첫수확,일반,2.5,1,29000.0,19000.0,10000,0.3448275862068966,0,11600.0
YMM251216-00000034,SMF78619818,과즙폭발 겨울의 꽃 조생 감귤,로얄과,4.5,1,19900.0,13200.0,6700,0.33668341708542715,0,4422.222222222223
YMM251216-00000035,SMF13606317,제주산 구좌 흙당근 비세척,일반,3.0,1,15000.0,10500.0,4500,0.3,0,5000.0
YMM251216-00000036,SMF78619818,과즙폭발 겨울의 꽃 조생 감귤,로얄과,4.5,1,19900.0,13200.0,6700,0.33668341708542715,0,4422.222222222223
YMM251216-00000037,SMF78619818,과즙폭발 겨울의 꽃 조생 감귤,로얄과,4.5,1,19900.0,13200.0,6700,0.33668341708542715,0,4422.222222222223
YMM251216-00000038,SMF78619818,과즙폭발 겨울의 꽃 조생 감귤,로얄과,2.5,2,14900.0,10000.0,9800,0.3288590604026846,0,11920.0
YMM251216-00000039,SMF78619818,과즙폭발 겨울의 꽃 조생 감귤,로얄과,4.5,1,19900.0,13200.0,6700,0.33668341708542715,0,4422.222222222223
YMM251216-00000040,SMF78619818,과즙폭발 겨울의 꽃 조생 감귤,로얄과,4.5,7,19900.0,13200.0,46900,0.33668341708542715,0,30955.555555555555
YMM251216-00000042,SMF78619818,과즙폭발 겨울의 꽃 조생 감귤,로얄과,4.5,1,19900.0,13200.0,6700,0.33668341708542715,0,4422.222222222223
YMM251216-00000043,SMF13166336,♥1년 중 20일만 맛 볼 수 있는 고당도 노지 황금향♥,일반,4.5,1,29000.0,20000.0,9000,0.3103448275862069,0,6444.444444444444
YMM251216-00000044,SMF78619818,과즙폭발 겨울의 꽃 조생 감귤,로얄과,4.5,1,19900.0,13200.0,6700,0.33668341708542715,0,4422.222222222223
YMM251216-00000045,SMF13606317,제주산 구좌 흙당근 비세척,일반,10.0,1,29500.0,21000.0,8500,0.288135593220339,0,2950.0
YMM251217-00000001,SMF13166336,♥1년 중 20일만 맛 볼 수 있는 고당도 노지 황금향♥,일반,4.5,1,29000.0,20000.0,9000,0.3103448275862069,0,6444.444444444444
YMM251217-00000002,SMF24484057,초고당도 타이벡감귤 2025년 첫 수확,일반,5.0,1,29000.0,19000.0,10000,0.3448275862068966,0,5800.0
YMM251217-00000004,SMF78619818,과즙폭발 겨울의 꽃 조생 감귤,로얄과,2.5,1,14900.0,10000.0,4900,0.3288590604026846,0,5960.0
YMM251217-00000007,SMF78619818,과즙폭발 겨울의 꽃 조생 감귤,로얄과,4.5,1,19900.0,13200.0,6700,0.33668341708542715,0,4422.222222222223
YMM251217-00000008,SMF78619818,과즙폭발 겨울의 꽃 조생 감귤,로얄과,2.5,1,14900.0,10000.0,4900,0.3288590604026846,0,5960.0
YMM251217-00000009,SMF13606317,제주산 구좌 흙당근 비세척,일반,5.0,1,18000.0,12000.0,6000,0.3333333333333333,0,3600.0
YMM251217-00000010,SMF13606317,제주산 구좌 흙당근 비세척,일반,3.0,1,14000.0,9500.0,4500,0.32142857142857145,0,4666.666666666667
YMM251217-00000011,SMF13606317,제주산 구좌 흙당근 비세척,일반,3.0,1,14000.0,9500.0,4500,0.32142857142857145,0,4666.666666666667
YMM251217-00000015,SMF78619818,과즙폭발 겨울의 꽃 조생 감귤,로얄과,2.5,1,14900.0,10000.0,4900,0.3288590604026846,0,5960.0
YMM251217-00000017,SMF78619818,과즙폭발 겨울의 꽃 조생 감귤,로얄과,4.5,1,19900.0,13200.0,6700,0.33668341708542715,0,4422.222222222223
YMM251217-00000018,SMF78619818,과즙폭발 겨울의 꽃 조생 감귤,로얄과,4.5,2,19900.0,13200.0,13400,0.33668341708542715,0,8844.444444444445
YMM251217-00000019,SMF14158451,초고당도 타이벡 감귤 2025년 첫수확,일반,4.5,1,39000.0,29000.0,10000,0.2564102564102564,0,8666.666666666666
YMM251217-00000020,SMF78619818,과즙폭발 겨울의 꽃 조생 감귤,로얄과,2.5,1,14900.0,10000.0,4900,0.3288590604026846,0,5960.0
YMM251217-00000021,SMF78619818,과즙폭발 겨울의 꽃 조생 감귤,로얄과,2.5,1,14900.0,10000.0,4900,0.3288590604026846,0,5960.0
YMM251217-00000022,SMF14158451,초고당도 타이벡 감귤 2025년 첫수확,일반,4.5,1,39000.0,29000.0,10000,0.2564102564102564,0,8666.666666666666
YMM251217-00000023,SMF78619818,과즙폭발 겨울의 꽃 조생 감귤,로얄과,2.5,1,14900.0,10000.0,4900,0.3288590604026846,0,5960.0
YMM251217-00000024,SMF78619818,과즙폭발 겨울의 꽃 조생 감귤,로얄과,2.5,1,14900.0,10000.0,4900,0.3288590604026846,0,5960.0
YMM251217-00000025,SMF78619818,과즙폭발 겨울의 꽃 조생 감귤,로얄과,2.5,1,14900.0,10000.0,4900,0.3288590604026846,0,5960.0
YMM251217-00000026,SMF78619818,과즙폭발 겨울의 꽃 조생 감귤,로얄과,2.5,1,14900.0,10000.0,4900,0.3288590604026846,0,5960.0
YMM251217-00000027,SMF78619818,과즙폭발 겨울의 꽃 조생 감귤,로얄과,2.5,1,14900.0,10000.0,4900,0.3288590604026846,0,5960.0
YMM251217-00000028,SMF78619818,과즙폭발 겨울의 꽃 조생 감귤,로얄과,4.5,1,19900.0,13200.0,6700,0.33668341708542715,0,4422.222222222223
YMM251217-00000029,SMF78619818,과즙폭발 겨울의 꽃 조생 감귤,로얄과,2.5,1,14900.0,10000.0,4900,0.3288590604026846,0,5960.0
YMM251217-00000030,SMF78619818,과즙폭발 겨울의 꽃 조생 감귤,로얄과,2.5,1,14900.0,10000.0,4900,0.3288590604026846,0,5960.0
YMM251217-00000031,SMF78619818,과즙폭발 겨울의 꽃 조생 감귤,로얄과,4.5,1,19900.0,13200.0,6700,0.33668341708542715,0,4422.222222222223
YMM251217-00000032,SMF13606317,제주산 구좌 흙당근 비세척,일반,3.0,1,16500.0,12000.0,4500,0.2727272727272727,0,5500.0
YMM251217-00000033,SMF78619818,과즙폭발 겨울의 꽃 조생 감귤,로얄과,2.5,1,14900.0,10000.0,4900,0.3288590604026846,0,5960.0
YMM251217-00000035,SMF78619818,과즙폭발 겨울의 꽃 조생 감귤,로얄과,4.5,1,19900.0,13200.0,6700,0.33668341708542715,0,4422.222222222223
YMM251217-00000036,SMF78619818,과즙폭발 겨울의 꽃 조생 감귤,로얄과,4.5,1,19900.0,13200.0,6700,0.33668341708542715,0,4422.222222222223
YMM251217-00000039,SMF78619818,과즙폭발 겨울의 꽃 조생 감귤,로얄과,4.5,1,19900.0,13200.0,6700,0.33668341708542715,0,4422.222222222223
YMM251217-00000040,SMF24484057,초고당도 타이벡감귤 2025년 첫 수확,일반,9.0,1,39000.0,29000.0,10000,0.2564102564102564,0,4333.333333333333
YMM251217-00000041,SMF78619818,과즙폭발 겨울의 꽃 조생 감귤,로얄과,4.5,1,19900.0,13200.0,6700,0.33668341708542715,0,4422.222222222223
YMM251217-00000042,SMF78619818,과즙폭발 겨울의 꽃 조생 감귤,로얄과,2.5,1,14900.0,10000.0,4900,0.3288590604026846,0,5960.0
YMM251217-00000043,SMF78619818,과즙폭발 겨울의 꽃 조생 감귤,로얄과,4.5,1,19900.0,13200.0,6700,0.33668341708542715,0,4422.222222222223
YMM251217-00000044,SMF78619818,과즙폭발 겨울의 꽃 조생 감귤,로얄과,2.5,1,14900.0,10000.0,4900,0.3288590604026846,0,5960.0
YMM251217-00000045,SMF78619818,과즙폭발 겨울의 꽃 조생 감귤,로얄과,2.5,1,14900.0,10000.0,4900,0.3288590604026846,0,5960.0
YMM251217-00000046,SMF13166336,♥1년 중 20일만 맛 볼 수 있는 고당도 노지 황금향♥,일반,4.5,1,29000.0,20000.0,9000,0.3103448275862069,0,6444.444444444444
YMM251217-00000049,SMF78619818,과즙폭발 겨울의 꽃 조생 감귤,로얄과,4.5,1,19900.0,13200.0,6700,0.33668341708542715,0,4422.222222222223
YMM251217-00000050,SMF78619818,과즙폭발 겨울의 꽃 조생 감귤,로얄과,2.5,1,14900.0,10000.0,4900,0.3288590604026846,0,5960.0
YMM251217-00000051,SMF78619818,과즙폭발 겨울의 꽃 조생 감귤,로얄과,4.5,1,19900.0,13200.0,6700,0.33668341708542715,0,4422.222222222223
YMM251217-00000052,SMF78619818,과즙폭발 겨울의 꽃 조생 감귤,로얄과,4.5,1,19900.0,13200.0,6700,0.33668341708542715,0,4422.222222222223
YMM251217-00000053,SMF14158451,초고당도 타이벡 감귤 2025년 첫수확,일반,4.5,1,39000.0,29000.0,10000,0.2564102564102564,0,8666.666666666666
YMM251217-00000054,SMF34633170,실속만점 가정용 하우스 한라봉&레드향,중과,4.5,1,51000.0,32650.0,18350,0.35980392156862745,0,11333.333333333334
YMM251217-00000055,SMF24484057,초고당도 타이벡감귤 2025년 첫 수확,일반,9.0,1,39000.0,29000.0,10000,0.2564102564102564,0,4333.333333333333
YMM251217-00000057,SMF78619818,과즙폭발 겨울의 꽃 조생 감귤,로얄과,4.5,1,19900.0,13200.0,6700,0.33668341708542715,0,4422.222222222223
YMM251218-00000001,SMF14158451,초고당도 타이벡 감귤 2025년 첫수확,일반,4.5,1,39000.0,29000.0,10000,0.2564102564102564,0,8666.666666666666
YMM251218-00000002,SMF34633170,실속만점 가정용 하우스 한라봉&레드향,소과,2.5,1,22000.0,14000.0,8000,0.36363636363636365,0,8800.0
YMM251218-00000003,SMF14158451,초고당도 타이벡 감귤 2025년 첫수확,일반,2.5,1,29000.0,19000.0,10000,0.3448275862068966,0,11600.0
YMM251218-00000004,SMF14158451,초고당도 타이벡 감귤 2025년 첫수확,일반,4.5,1,39000.0,29000.0,10000,0.2564102564102564,0,8666.666666666666
YMM251218-00000005,SMF14158451,초고당도 타이벡 감귤 2025년 첫수확,일반,4.5,1,39000.0,29000.0,10000,0.2564102564102564,0,8666.666666666666
YMM251218-00000006,SMF14158451,초고당도 타이벡 감귤 2025년 첫수확,일반,4.5,1,39000.0,29000.0,10000,0.2564102564102564,0,8666.666666666666
YMM251218-00000007,SMF78619818,과즙폭발 겨울의 꽃 조생 감귤,로얄과,4.5,1,19900.0,13200.0,6700,0.33668341708542715,0,4422.222222222223
YMM251218-00000008,SMF14158451,초고당도 타이벡 감귤 2025년 첫수확,일반,4.5,1,39000.0,29000.0,10000,0.2564102564102564,0,8666.666666666666
YMM251218-00000009,SMF78619818,과즙폭발 겨울의 꽃 조생 감귤,로얄과,4.5,1,19900.0,13200.0,6700,0.33668341708542715,0,4422.222222222223
YMM251218-00000010,SMF34633170,실속만점 가정용 하우스 한라봉&레드향,중과,4.5,1,51000.0,32650.0,18350,0.35980392156862745,0,11333.333333333334
YMM251218-00000011,SMF78619818,과즙폭발 겨울의 꽃 조생 감귤,로얄과,4.5,1,19900.0,13200.0,6700,0.33668341708542715,0,4422.222222222223
YMM251218-00000012,SMF14158451,초고당도 타이벡 감귤 2025년 첫수확,일반,2.5,1,29000.0,19000.0,10000,0.3448275862068966,0,11600.0
YMM251218-00000013,SMF78619818,과즙폭발 겨울의 꽃 조생 감귤,로얄과,2.5,5,14900.0,10000.0,24500,0.3288590604026846,0,29800.0
YMM251218-00000014,SMF78619818,과즙폭발 겨울의 꽃 조생 감귤,로얄과,4.5,3,19900.0,13200.0,20100,0.33668341708542715,0,13266.666666666666
YMM251218-00000015,SMF78619818,과즙폭발 겨울의 꽃 조생 감귤,로얄과,4.5,2,19900.0,13200.0,13400,0.33668341708542715,0,8844.444444444445
YMM251218-00000016,SMF78619818,과즙폭발 겨울의 꽃 조생 감귤,로얄과,2.5,1,14900.0,10000.0,4900,0.3288590604026846,0,5960.0
YMM251218-00000017,SMF78619818,과즙폭발 겨울의 꽃 조생 감귤,로얄과,2.5,1,14900.0,10000.0,4900,0.3288590604026846,0,5960.0
YMM251218-00000018,SMF14158451,초고당도 타이벡 감귤 2025년 첫수확,일반,2.5,1,29000.0,19000.0,10000,0.3448275862068966,0,11600.0
YMM251218-00000019,SMF78619818,과즙폭발 겨울의 꽃 조생 감귤,로얄과,2.5,1,14900.0,10000.0,4900,0.3288590604026846,0,5960.0
YMM251218-00000020,SMF78619818,과즙폭발 겨울의 꽃 조생 감귤,로얄과,4.5,1,19900.0,13200.0,6700,0.33668341708542715,0,4422.222222222223
YMM251218-00000021,SMF78619818,과즙폭발 겨울의 꽃 조생 감귤,로얄과,4.5,1,19900.0,13200.0,6700,0.33668341708542715,0,4422.222222222223
YMM251218-00000022,SMF78619818,과즙폭발 겨울의 꽃 조생 감귤,로얄과,4.5,1,19900.0,13200.0,6700,0.33668341708542715,0,4422.222222222223
YMM251218-00000023,SMF78619818,과즙폭발 겨울의 꽃 조생 감귤,로얄과,2.5,1,14900.0,10000.0,4900,0.3288590604026846,0,5960.0
YMM251218-00000024,SMF78619818,과즙폭발 겨울의 꽃 조생 감귤,로얄과,4.5,1,19900.0,13200.0,6700,0.33668341708542715,0,4422.222222222223
YMM251218-00000025,SMF13606317,제주산 구좌 흙당근 비세척,일반,10.0,2,25000.0,18000.0,14000,0.28,0,5000.0
YMM251218-00000026,SMF13606317,제주산 구좌 흙당근 비세척,일반,10.0,1,25000.0,18000.0,7000,0.28,0,2500.0
YMM251218-00000027,SMF78619818,과즙폭발 겨울의 꽃 조생 감귤,로얄과,4.5,1,19900.0,13200.0,6700,0.33668341708542715,0,4422.222222222223
YMM251218-00000028,SMF78619818,과즙폭발 겨울의 꽃 조생 감귤,로얄과,2.5,1,14900.0,10000.0,4900,0.3288590604026846,0,5960.0
YMM251218-00000029,SMF78619818,과즙폭발 겨울의 꽃 조생 감귤,로얄과,2.5,1,14900.0,10000.0,4900,0.3288590604026846,0,5960.0
YMM251218-00000030,SMF13606317,제주산 구좌 흙당근 비세척,일반,3.0,1,14000.0,9500.0,4500,0.32142857142857145,0,4666.666666666667
YMM251218-00000031,SMF78619818,과즙폭발 겨울의 꽃 조생 감귤,로얄과,4.5,1,19900.0,13200.0,6700,0.33668341708542715,0,4422.222222222223
YMM251218-00000033,SMF34633170,실속만점 가정용 하우스 한라봉&레드향,소과,4.5,1,35000.0,22300.0,12700,0.3628571428571429,0,7777.777777777777
YMM251218-00000034,SMF78619818,과즙폭발 겨울의 꽃 조생 감귤,로얄과,4.5,1,19900.0,13200.0,6700,0.33668341708542715,0,4422.222222222223
YMM251218-00000035,SMF78619818,과즙폭발 겨울의 꽃 조생 감귤,로얄과,2.5,1,14900.0,10000.0,4900,0.3288590604026846,0,5960.0
YMM251218-00000036,SMF34633170,실속만점 가정용 하우스 한라봉&레드향,중과,2.5,1,32000.0,19750.0,12250,0.3828125,0,12800.0
YMM251218-00000037,SMF78619818,과즙폭발 겨울의 꽃 조생 감귤,로얄과,4.5,1,19900.0,13200.0,6700,0.33668341708542715,0,4422.222222222223
YMM251218-00000041,SMF78619818,과즙폭발 겨울의 꽃 조생 감귤,로얄과,2.5,1,14900.0,10000.0,4900,0.3288590604026846,0,5960.0
YMM251219-00000001,SMF78619818,과즙폭발 겨울의 꽃 조생 감귤,로얄과,2.5,1,14900.0,10000.0,4900,0.3288590604026846,0,5960.0
YMM251219-00000003,SMF78619818,과즙폭발 겨울의 꽃 조생 감귤,로얄과,4.5,1,19900.0,13200.0,6700,0.33668341708542715,0,4422.222222222223
YMM251219-00000005,SMF78619818,과즙폭발 겨울의 꽃 조생 감귤,로얄과,4.5,1,19900.0,13200.0,6700,0.33668341708542715,0,4422.222222222223
YMM251219-00000006,SMF28555734,초고당도 타이벡 감귤 2025년 첫수확,일반,4.5,1,29000.0,19000.0,10000,0.3448275862068966,0,6444.444444444444
YMM251219-00000007,SMF28555734,초고당도 타이벡 감귤 2025년 첫수확,일반,4.5,1,29000.0,19000.0,10000,0.3448275862068966,0,6444.444444444444
YMM251219-00000008,SMF28555734,초고당도 타이벡 감귤 2025년 첫수확,일반,9.0,1,39000.0,29000.0,10000,0.2564102564102564,0,4333.333333333333
YMM251219-00000009,SMF78619818,과즙폭발 겨울의 꽃 조생 감귤,로얄과,4.5,2,19900.0,13200.0,13400,0.33668341708542715,0,8844.444444444445
YMM251219-00000010,SMF28555734,초고당도 타이벡 감귤 2025년 첫수확,일반,4.5,1,29000.0,19000.0,10000,0.3448275862068966,0,6444.444444444444
YMM251219-00000011,SMF28555734,초고당도 타이벡 감귤 2025년 첫수확,일반,4.5,1,29000.0,19000.0,10000,0.3448275862068966,0,6444.444444444444
YMM251219-00000012,SMF78619818,과즙폭발 겨울의 꽃 조생 감귤,로얄과,4.5,1,19900.0,13200.0,6700,0.33668341708542715,0,4422.222222222223
YMM251219-00000013,SMF28555734,초고당도 타이벡 감귤 2025년 첫수확,일반,4.5,1,29000.0,19000.0,10000,0.3448275862068966,0,6444.444444444444
YMM251219-00000014,SMF28555734,초고당도 타이벡 감귤 2025년 첫수확,일반,9.0,1,39000.0,29000.0,10000,0.2564102564102564,0,4333.333333333333
YMM251219-00000015,SMF28555734,초고당도 타이벡 감귤 2025년 첫수확,일반,4.5,1,29000.0,19000.0,10000,0.3448275862068966,0,6444.444444444444
YMM251219-00000016,SMF28555734,초고당도 타이벡 감귤 2025년 첫수확,일반,9.0,1,39000.0,29000.0,10000,0.2564102564102564,0,4333.333333333333
YMM251219-00000017,SMF28555734,[킹댕즈 보장!]초고당도 타이벡 감귤 2025년 첫수확,일반,9.0,1,39000.0,29000.0,10000,0.2564102564102564,0,4333.333333333333
YMM251219-00000018,SMF28555734,[킹댕즈 보장!]초고당도 타이벡 감귤 2025년 첫수확,일반,9.0,1,39000.0,29000.0,10000,0.2564102564102564,0,4333.333333333333
YMM251219-00000019,SMF28555734,[킹댕즈 보장!]초고당도 타이벡 감귤 2025년 첫수확,일반,9.0,1,39000.0,29000.0,10000,0.2564102564102564,0,4333.333333333333
YMM251219-00000020,SMF28555734,[킹댕즈 보장!]초고당도 타이벡 감귤 2025년 첫수확,일반,9.0,1,39000.0,29000.0,10000,0.2564102564102564,0,4333.333333333333
YMM251219-00000021,SMF34633170,실속만점 가정용 하우스 한라봉&레드향,중과,2.5,1,32000.0,19750.0,12250,0.3828125,0,12800.0
YMM251219-00000022,SMF28555734,[킹댕즈 보장!]초고당도 타이벡 감귤 2025년 첫수확,일반,4.5,1,29000.0,19000.0,10000,0.3448275862068966,0,6444.444444444444
YMM251219-00000023,SMF13606317,제주산 구좌 흙당근 비세척,일반,3.0,1,15000.0,10500.0,4500,0.3,0,5000.0
YMM251219-00000024,SMF28555734,[킹댕즈 보장!]초고당도 타이벡 감귤 2025년 첫수확,일반,9.0,1,39000.0,29000.0,10000,0.2564102564102564,0,4333.333333333333
YMM251219-00000025,SMF28555734,[킹댕즈 보장!]초고당도 타이벡 감귤 2025년 첫수확,일반,4.5,1,29000.0,19000.0,10000,0.3448275862068966,0,6444.444444444444
YMM251219-00000026,SMF78619818,과즙폭발 겨울의 꽃 조생 감귤,로얄과,2.5,1,14900.0,10000.0,4900,0.3288590604026846,0,5960.0
YMM251219-00000027,SMF28555734,[킹댕즈 보장!]초고당도 타이벡 감귤 2025년 첫수확,일반,4.5,1,29000.0,19000.0,10000,0.3448275862068966,0,6444.444444444444
YMM251219-00000028,SMF78619818,과즙폭발 겨울의 꽃 조생 감귤,로얄과,4.5,1,19900.0,13200.0,6700,0.33668341708542715,0,4422.222222222223
YMM251219-00000030,SMF28555734,[킹댕즈 보장!]초고당도 타이벡 감귤 2025년 첫수확,일반,9.0,1,39000.0,29000.0,10000,0.2564102564102564,0,4333.333333333333
YMM251219-00000032,SMF14158451,초고당도 타이벡 감귤 2025년 첫수확,일반,4.5,1,39000.0,29000.0,10000,0.2564102564102564,0,8666.666666666666
YMM251219-00000033,SMF28555734,[킹댕즈 보장!]초고당도 타이벡 감귤 2025년 첫수확,일반,9.0,1,39000.0,29000.0,10000,0.2564102564102564,0,4333.333333333333
YMM251219-00000034,SMF34633170,실속만점 가정용 하우스 한라봉&레드향,대과,4.5,1,55000.0,34000.0,21000,0.38181818181818183,0,12222.222222222223
YMM251219-00000035,SMF28555734,[킹댕즈 보장!]초고당도 타이벡 감귤 2025년 첫수확,일반,9.0,1,39000.0,29000.0,10000,0.2564102564102564,0,4333.333333333333
YMM251219-00000036,SMF28555734,[킹댕즈 보장!]초고당도 타이벡 감귤 2025년 첫수확,일반,4.5,1,29000.0,19000.0,10000,0.3448275862068966,0,6444.444444444444
YMM251219-00000037,SMF78619818,과즙폭발 겨울의 꽃 조생 감귤,로얄과,2.5,1,14900.0,10000.0,4900,0.3288590604026846,0,5960.0
YMM251219-00000038,SMF28555734,[킹댕즈 보장!]초고당도 타이벡 감귤 2025년 첫수확,일반,9.0,1,39000.0,29000.0,10000,0.2564102564102564,0,4333.333333333333
YMM251219-00000039,SMF78619818,과즙폭발 겨울의 꽃 조생 감귤,로얄과,2.5,1,14900.0,10000.0,4900,0.3288590604026846,0,5960.0
YMM251219-00000040,SMF28555734,[킹댕즈 보장!]초고당도 타이벡 감귤 2025년 첫수확,일반,9.0,1,39000.0,29000.0,10000,0.2564102564102564,0,4333.333333333333
YMM251219-00000041,SMF78619818,과즙폭발 겨울의 꽃 조생 감귤,로얄과,2.5,1,14900.0,10000.0,4900,0.3288590604026846,0,5960.0
YMM251219-00000042,SMF28555734,[킹댕즈 보장!]초고당도 타이벡 감귤 2025년 첫수확,일반,9.0,1,39000.0,29000.0,10000,0.2564102564102564,0,4333.333333333333
YMM251219-00000043,SMF78619818,과즙폭발 겨울의 꽃 조생 감귤,로얄과,2.5,1,14900.0,10000.0,4900,0.3288590604026846,0,5960.0
YMM251219-00000044,SMF78619818,과즙폭발 겨울의 꽃 조생 감귤,로얄과,2.5,1,14900.0,10000.0,4900,0.3288590604026846,0,5960.0
YMM251219-00000045,SMF78619818,과즙폭발 겨울의 꽃 조생 감귤,로얄과,2.5,1,14900.0,10000.0,4900,0.3288590604026846,0,5960.0
YMM251219-00000046,SMF28555734,[킹댕즈 보장!]초고당도 타이벡 감귤 2025년 첫수확,일반,4.5,1,29000.0,19000.0,10000,0.3448275862068966,0,6444.444444444444
YMM251219-00000047,SMF13166336,♥1년 중 20일만 맛 볼 수 있는 고당도 노지 황금향♥,일반,4.5,1,29000.0,20000.0,9000,0.3103448275862069,0,6444.444444444444
YMM251219-00000049,SMF13606317,제주산 구좌 흙당근 비세척,일반,3.0,1,14000.0,9500.0,4500,0.32142857142857145,0,4666.666666666667
YMM251219-00000051,SMF28555734,[킹댕즈 보장!]초고당도 타이벡 감귤 2025년 첫수확,일반,9.0,1,39000.0,29000.0,10000,0.2564102564102564,0,4333.333333333333
YMM251219-00000052,SMF37504939,논산 설향딸기 달콤함 가득 겨울과일,일반,0.7,1,26900.0,17900.0,9000,0.3345724907063197,0,38428.57142857143
YMM251105-00000141,SMF87846210,"2025 첫수확 노지감귤 가정용 3kg, 5kg",로얄과,5.0,1,24000.0,13300.0,10700,0.44583333333333336,0,4800.0
YMM251106-00000001,SMF88753441,"해남 숙성꿀고구마, 베니하루카 3kg 5kg 10kg 한입 중 특상",일반,5.0,1,20900.0,16000.0,4900,0.23444976076555024,0,4180.0
YMM251106-00000002,SMF87846210,"2025 첫수확 노지감귤 가정용 3kg, 5kg",소과,3.0,1,17000.0,8800.0,8200,0.4823529411764706,0,5666.666666666667
YMM251106-00000003,SMF88753441,"해남 숙성꿀고구마, 베니하루카 3kg 5kg 10kg 한입 중 특상",일반,5.0,1,14900.0,11000.0,3900,0.26174496644295303,0,2980.0
YMM251106-00000005,SMF29718566,제주 산지직송 황금향 선물세트 가정용,중대과,2.5,1,39000.0,25000.0,14000,0.358974358974359,0,15600.0
YMM251106-00000006,SMF29718566,제주 산지직송 황금향 선물세트 가정용,중대과,2.5,1,39000.0,25000.0,14000,0.358974358974359,0,15600.0
YMM251106-00000007,SMF29718566,제주 산지직송 황금향 선물세트 가정용,중대과,2.5,1,39000.0,25000.0,14000,0.358974358974359,0,15600.0
YMM251106-00000008,SMF29718566,제주 산지직송 황금향 선물세트 가정용,중대과,2.5,1,39000.0,25000.0,14000,0.358974358974359,0,15600.0
YMM251106-00000009,SMF87846210,"2025 첫수확 노지감귤 가정용 3kg, 5kg",소과,3.0,1,17000.0,8800.0,8200,0.4823529411764706,0,5666.666666666667
YMM251106-00000010,SMF88753441,"해남 숙성꿀고구마, 베니하루카 3kg 5kg 10kg 한입 중 특상",일반,5.0,1,14900.0,11000.0,3900,0.26174496644295303,0,2980.0
YMM251106-00000011,SMF87846210,"2025 첫수확 노지감귤 가정용 3kg, 5kg",소과,10.0,3,35000.0,23000.0,36000,0.34285714285714286,0,10500.0
YMM251106-00000012,SMF87846210,"2025 첫수확 노지감귤 가정용 3kg, 5kg",로얄과,10.0,1,35000.0,23000.0,12000,0.34285714285714286,0,3500.0
YMM251106-00000013,SMF87846210,"2025 첫수확 노지감귤 가정용 3kg, 5kg",로얄과,10.0,1,35000.0,23000.0,12000,0.34285714285714286,0,3500.0
YMM251106-00000014,SMF87846210,"2025 첫수확 노지감귤 가정용 3kg, 5kg",소과,5.0,1,24000.0,13300.0,10700,0.44583333333333336,0,4800.0
YMM251106-00000016,SMF87846210,"2025 첫수확 노지감귤 가정용 3kg, 5kg",소과,5.0,1,24000.0,13300.0,10700,0.44583333333333336,0,4800.0
YMM251106-00000017,SMF87846210,"2025 첫수확 노지감귤 가정용 3kg, 5kg",소과,5.0,1,24000.0,13300.0,10700,0.44583333333333336,0,4800.0
YMM251106-00000019,SMF88753441,"해남 숙성꿀고구마, 베니하루카 3kg 5kg 10kg 한입 중 특상",일반,5.0,1,20900.0,16000.0,4900,0.23444976076555024,0,4180.0
YMM251106-00000021,SMF28240458,과즙폭발 꿀당도 보장 감귤 [유라실생],소과,3.0,1,24900.0,24900.0,0,0.0,0,8300.0
YMM251106-00000026,SMF28240458,과즙폭발 꿀당도 보장 감귤 [유라실생],소과,10.0,1,44900.0,44900.0,0,0.0,0,4490.0
YMM251106-00000027,SMF87846210,"2025 첫수확 노지감귤 가정용 3kg, 5kg",로얄과,10.0,1,35000.0,23000.0,12000,0.34285714285714286,0,3500.0
YMM251106-00000028,SMF88753441,"해남 숙성꿀고구마, 베니하루카 3kg 5kg 10kg 한입 중 특상",일반,5.0,1,20900.0,16000.0,4900,0.23444976076555024,0,4180.0
YMM251106-00000029,SMF88753441,"해남 숙성꿀고구마, 베니하루카 3kg 5kg 10kg 한입 중 특상",일반,3.0,1,15900.0,12000.0,3900,0.24528301886792453,0,5300.0
YMM251106-00000030,SMF88753441,"해남 숙성꿀고구마, 베니하루카 3kg 5kg 10kg 한입 중 특상",일반,3.0,1,11900.0,8000.0,3900,0.3277310924369748,0,3966.6666666666665
YMM251106-00000031,SMF88753441,"해남 숙성꿀고구마, 베니하루카 3kg 5kg 10kg 한입 중 특상",일반,5.0,1,20900.0,16000.0,4900,0.23444976076555024,0,4180.0
YMM251106-00000032,SMF28240458,과즙폭발 꿀당도 보장 감귤 [유라실생],소과,3.0,1,24900.0,24900.0,0,0.0,0,8300.0
YMM251106-00000033,SMF88753441,"해남 숙성꿀고구마, 베니하루카 3kg 5kg 10kg 한입 중 특상",일반,3.0,1,11900.0,8000.0,3900,0.3277310924369748,0,3966.6666666666665
YMM251106-00000034,SMF87846210,"2025 첫수확 노지감귤 가정용 3kg, 5kg",로얄과,10.0,1,35000.0,23000.0,12000,0.34285714285714286,0,3500.0
YMM251106-00000035,SMF87846210,"2025 첫수확 노지감귤 가정용 3kg, 5kg",로얄과,3.0,1,17000.0,8800.0,8200,0.4823529411764706,0,5666.666666666667
YMM251106-00000036,SMF28240458,과즙폭발 꿀당도 보장 감귤 [유라실생],소과,3.0,1,24900.0,24900.0,0,0.0,0,8300.0
YMM251106-00000037,SMF88753441,"해남 숙성꿀고구마, 베니하루카 3kg 5kg 10kg 한입 중 특상",일반,3.0,1,11900.0,8000.0,3900,0.3277310924369748,0,3966.6666666666665
YMM251106-00000038,SMF28240458,과즙폭발 꿀당도 보장 감귤 [유라실생],소과,10.0,1,44900.0,44900.0,0,0.0,0,4490.0
YMM251106-00000039,SMF87846210,"2025 첫수확 노지감귤 가정용 3kg, 5kg",소과,5.0,2,20500.0,11050.0,18900,0.4609756097560976,0,8200.0
YMM251106-00000040,SMF87846210,"2025 첫수확 노지감귤 가정용 3kg, 5kg",소과,3.0,1,17000.0,8800.0,8200,0.4823529411764706,0,5666.666666666667
YMM251106-00000041,SMF87846210,"2025 첫수확 노지감귤 가정용 3kg, 5kg",소과,5.0,1,24000.0,13300.0,10700,0.44583333333333336,0,4800.0
YMM251106-00000042,SMF87846210,"2025 첫수확 노지감귤 가정용 3kg, 5kg",소과,5.0,1,24000.0,13300.0,10700,0.44583333333333336,0,4800.0
YMM251106-00000043,SMF88753441,"해남 숙성꿀고구마, 베니하루카 3kg 5kg 10kg 한입 중 특상",일반,10.0,1,32900.0,27000.0,5900,0.17933130699088146,0,3290.0
YMM251106-00000044,SMF87846210,"2025 첫수확 노지감귤 가정용 3kg, 5kg",소과,3.0,1,17000.0,8800.0,8200,0.4823529411764706,0,5666.666666666667
YMM251106-00000046,SMF87846210,"2025 첫수확 노지감귤 가정용 3kg, 5kg",소과,10.0,1,35000.0,23000.0,12000,0.34285714285714286,0,3500.0
YMM251106-00000047,SMF28240458,과즙폭발 꿀당도 보장 감귤 [유라실생],소과,3.0,1,24900.0,24900.0,0,0.0,0,8300.0
YMM251106-00000048,SMF88753441,"해남 숙성꿀고구마, 베니하루카 3kg 5kg 10kg 한입 중 특상",일반,3.0,1,15900.0,12000.0,3900,0.24528301886792453,0,5300.0
YMM251106-00000049,SMF88753441,"해남 숙성꿀고구마, 베니하루카 3kg 5kg 10kg 한입 중 특상",일반,10.0,1,32900.0,27000.0,5900,0.17933130699088146,0,3290.0
YMM251106-00000051,SMF87846210,"2025 첫수확 노지감귤 가정용 3kg, 5kg",로얄과,3.0,1,17000.0,8800.0,8200,0.4823529411764706,0,5666.666666666667
YMM251106-00000052,SMF88753441,"해남 숙성꿀고구마, 베니하루카 3kg 5kg 10kg 한입 중 특상",일반,5.0,1,20900.0,16000.0,4900,0.23444976076555024,0,4180.0
YMM251106-00000053,SMF87846210,"2025 첫수확 노지감귤 가정용 3kg, 5kg",로얄과,3.0,1,17000.0,8800.0,8200,0.4823529411764706,0,5666.666666666667
YMM251106-00000054,SMF87846210,"2025 첫수확 노지감귤 가정용 3kg, 5kg",로얄과,3.0,1,17000.0,8800.0,8200,0.4823529411764706,0,5666.666666666667
YMM251106-00000055,SMF28240458,과즙폭발 꿀당도 보장 감귤 [유라실생],소과,3.0,1,24900.0,24900.0,0,0.0,0,8300.0
YMM251106-00000056,SMF87846210,"2025 첫수확 노지감귤 가정용 3kg, 5kg",소과,3.0,1,17000.0,8800.0,8200,0.4823529411764706,0,5666.666666666667
YMM251106-00000057,SMF87846210,"2025 첫수확 노지감귤 가정용 3kg, 5kg",로얄과,3.0,1,17000.0,8800.0,8200,0.4823529411764706,0,5666.666666666667
YMM251106-00000058,SMF88753441,"해남 숙성꿀고구마, 베니하루카 3kg 5kg 10kg 한입 중 특상",일반,3.0,1,15900.0,12000.0,3900,0.24528301886792453,0,5300.0
YMM251106-00000059,SMF87846210,"2025 첫수확 노지감귤 가정용 3kg, 5kg",로얄과,10.0,1,35000.0,23000.0,12000,0.34285714285714286,0,3500.0
YMM251106-00000060,SMF28240458,과즙폭발 꿀당도 보장 감귤 [유라실생],소과,5.0,11,34900.0,34900.0,0,0.0,0,76780.0
YMM251106-00000061,SMF88753441,"해남 숙성꿀고구마, 베니하루카 3kg 5kg 10kg 한입 중 특상",일반,5.0,1,21900.0,17000.0,4900,0.2237442922374429,0,4380.0
YMM251106-00000062,SMF88753441,"해남 숙성꿀고구마, 베니하루카 3kg 5kg 10kg 한입 중 특상",일반,3.0,1,14900.0,11000.0,3900,0.26174496644295303,0,4966.666666666667
YMM251106-00000063,SMF28240458,과즙폭발 꿀당도 보장 감귤 [유라실생],소과,5.0,1,34900.0,34900.0,0,0.0,0,6980.0
YMM251106-00000064,SMF88753441,"해남 숙성꿀고구마, 베니하루카 3kg 5kg 10kg 한입 중 특상",일반,3.0,1,15900.0,12000.0,3900,0.24528301886792453,0,5300.0
YMM251106-00000065,SMF87846210,"2025 첫수확 노지감귤 가정용 3kg, 5kg",로얄과,5.0,1,24000.0,13300.0,10700,0.44583333333333336,0,4800.0
YMM251106-00000066,SMF87846210,"2025 첫수확 노지감귤 가정용 3kg, 5kg",로얄과,3.0,1,17000.0,8800.0,8200,0.4823529411764706,0,5666.666666666667
YMM251106-00000067,SMF88753441,"해남 숙성꿀고구마, 베니하루카 3kg 5kg 10kg 한입 중 특상",일반,3.0,1,15900.0,12000.0,3900,0.24528301886792453,0,5300.0
YMM251106-00000068,SMF87846210,"2025 첫수확 노지감귤 가정용 3kg, 5kg",소과,3.0,1,17000.0,8800.0,8200,0.4823529411764706,0,5666.666666666667
YMM251106-00000069,SMF88753441,"해남 숙성꿀고구마, 베니하루카 3kg 5kg 10kg 한입 중 특상",일반,3.0,1,14900.0,11000.0,3900,0.26174496644295303,0,4966.666666666667
YMM251106-00000072,SMF88753441,"해남 숙성꿀고구마, 베니하루카 3kg 5kg 10kg 한입 중 특상",일반,10.0,1,33900.0,28000.0,5900,0.17404129793510326,0,3390.0
YMM251106-00000073,SMF28240458,과즙폭발 꿀당도 보장 감귤 [유라실생],소과,5.0,1,34900.0,34900.0,0,0.0,0,6980.0
YMM251106-00000074,SMF87846210,"2025 첫수확 노지감귤 가정용 3kg, 5kg",로얄과,3.0,1,17000.0,8800.0,8200,0.4823529411764706,0,5666.666666666667
YMM251106-00000075,SMF28240458,과즙폭발 꿀당도 보장 감귤 [유라실생],소과,5.0,1,34900.0,34900.0,0,0.0,0,6980.0
YMM251106-00000077,SMF88753441,"해남 숙성꿀고구마, 베니하루카 3kg 5kg 10kg 한입 중 특상",일반,5.0,1,19900.0,15000.0,4900,0.24623115577889448,0,3980.0
YMM251106-00000079,SMF88753441,"해남 숙성꿀고구마, 베니하루카 3kg 5kg 10kg 한입 중 특상",일반,3.0,1,14900.0,11000.0,3900,0.26174496644295303,0,4966.666666666667
YMM251106-00000082,SMF88753441,"해남 숙성꿀고구마, 베니하루카 3kg 5kg 10kg 한입 중 특상",일반,3.0,1,15900.0,12000.0,3900,0.24528301886792453,0,5300.0
YMM251106-00000083,SMF87846210,"2025 첫수확 노지감귤 가정용 3kg, 5kg",로얄과,3.0,1,17000.0,8800.0,8200,0.4823529411764706,0,5666.666666666667
YMM251106-00000084,SMF87846210,"2025 첫수확 노지감귤 가정용 3kg, 5kg",로얄과,10.0,1,35000.0,23000.0,12000,0.34285714285714286,0,3500.0
YMM251106-00000085,SMF87846210,"2025 첫수확 노지감귤 가정용 3kg, 5kg",로얄과,5.0,1,24000.0,13300.0,10700,0.44583333333333336,0,4800.0
YMM251106-00000086,SMF88753441,"해남 숙성꿀고구마, 베니하루카 3kg 5kg 10kg 한입 중 특상",일반,10.0,1,33900.0,28000.0,5900,0.17404129793510326,0,3390.0
YMM251106-00000087,SMF28240458,과즙폭발 꿀당도 보장 감귤 [유라실생],소과,3.0,1,24900.0,24900.0,0,0.0,0,8300.0
YMM251106-00000088,SMF88753441,"해남 숙성꿀고구마, 베니하루카 3kg 5kg 10kg 한입 중 특상",일반,5.0,1,20900.0,16000.0,4900,0.23444976076555024,0,4180.0
YMM251106-00000089,SMF88753441,"해남 숙성꿀고구마, 베니하루카 3kg 5kg 10kg 한입 중 특상",일반,5.0,1,19900.0,15000.0,4900,0.24623115577889448,0,3980.0
YMM251106-00000090,SMF28240458,과즙폭발 꿀당도 보장 감귤 [유라실생],소과,3.0,1,24900.0,24900.0,0,0.0,0,8300.0
YMM251106-00000091,SMF28240458,과즙폭발 꿀당도 보장 감귤 [유라실생],소과,5.0,2,34900.0,34900.0,0,0.0,0,13960.0
YMM251106-00000092,SMF28240458,과즙폭발 꿀당도 보장 감귤 [유라실생],소과,5.0,7,34900.0,34900.0,0,0.0,0,48860.0
YMM251107-00000002,SMF87846210,"2025 첫수확 노지감귤 가정용 3kg, 5kg",소과,5.0,1,24000.0,13300.0,10700,0.44583333333333336,0,4800.0
YMM251107-00000004,SMF28240458,과즙폭발 꿀당도 보장 감귤 [유라실생],소과,5.0,3,34900.0,34900.0,0,0.0,0,20940.0
YMM251107-00000005,SMF87846210,"2025 첫수확 노지감귤 가정용 3kg, 5kg",로얄과,10.0,3,35000.0,23000.0,36000,0.34285714285714286,0,10500.0
YMM251107-00000006,SMF87846210,"2025 첫수확 노지감귤 가정용 3kg, 5kg",소과,5.0,1,24000.0,13300.0,10700,0.44583333333333336,0,4800.0
YMM251107-00000007,SMF88753441,"해남 숙성꿀고구마, 베니하루카 3kg 5kg 10kg 한입 중 특상",일반,10.0,1,32900.0,27000.0,5900,0.17933130699088146,0,3290.0
YMM251107-00000008,SMF87846210,"2025 첫수확 노지감귤 가정용 3kg, 5kg",소과,5.0,1,24000.0,13300.0,10700,0.44583333333333336,0,4800.0
YMM251107-00000010,SMF88753441,"해남 숙성꿀고구마, 베니하루카 3kg 5kg 10kg 한입 중 특상",일반,5.0,1,14900.0,11000.0,3900,0.26174496644295303,0,2980.0
YMM251107-00000011,SMF28240458,과즙폭발 꿀당도 보장 감귤 [유라실생],소과,5.0,1,34900.0,34900.0,0,0.0,0,6980.0
YMM251107-00000012,SMF87846210,"2025 첫수확 노지감귤 가정용 3kg, 5kg",소과,5.0,1,24000.0,13300.0,10700,0.44583333333333336,0,4800.0
YMM251107-00000013,SMF87846210,"2025 첫수확 노지감귤 가정용 3kg, 5kg",소과,5.0,1,24000.0,13300.0,10700,0.44583333333333336,0,4800.0
YMM251107-00000014,SMF88753441,"해남 숙성꿀고구마, 베니하루카 3kg 5kg 10kg 한입 중 특상",일반,5.0,1,20900.0,16000.0,4900,0.23444976076555024,0,4180.0
YMM251107-00000015,SMF28240458,과즙폭발 꿀당도 보장 감귤 [유라실생],소과,3.0,2,24900.0,24900.0,0,0.0,0,16600.0
YMM251107-00000017,SMF87846210,"2025 첫수확 노지감귤 가정용 3kg, 5kg",로얄과,3.0,1,17000.0,8800.0,8200,0.4823529411764706,0,5666.666666666667
YMM251107-00000019,SMF28240458,과즙폭발 꿀당도 보장 감귤 [유라실생],소과,3.0,1,24900.0,24900.0,0,0.0,0,8300.0
YMM251107-00000020,SMF28240458,과즙폭발 꿀당도 보장 감귤 [유라실생],소과,5.0,1,34900.0,34900.0,0,0.0,0,6980.0
YMM251107-00000021,SMF88753441,"해남 숙성꿀고구마, 베니하루카 3kg 5kg 10kg 한입 중 특상",일반,5.0,1,19900.0,15000.0,4900,0.24623115577889448,0,3980.0
YMM251107-00000023,SMF28240458,과즙폭발 꿀당도 보장 감귤 [유라실생],소과,3.0,1,24900.0,24900.0,0,0.0,0,8300.0
YMM251107-00000024,SMF29718566,제주 산지직송 황금향 선물세트 가정용,중대과,2.5,1,39000.0,25000.0,14000,0.358974358974359,0,15600.0
YMM251107-00000025,SMF87846210,"2025 첫수확 노지감귤 가정용 3kg, 5kg",로얄과,10.0,1,35000.0,23000.0,12000,0.34285714285714286,0,3500.0
YMM251107-00000026,SMF88753441,"해남 숙성꿀고구마, 베니하루카 3kg 5kg 10kg 한입 중 특상",일반,5.0,1,20900.0,16000.0,4900,0.23444976076555024,0,4180.0
YMM251107-00000027,SMF88753441,"해남 숙성꿀고구마, 베니하루카 3kg 5kg 10kg 한입 중 특상",일반,5.0,1,13900.0,10000.0,3900,0.2805755395683453,0,2780.0
YMM251107-00000028,SMF87846210,"2025 첫수확 노지감귤 가정용 3kg, 5kg",로얄과,5.0,1,24000.0,13300.0,10700,0.44583333333333336,0,4800.0
YMM251107-00000029,SMF88753441,"해남 숙성꿀고구마, 베니하루카 3kg 5kg 10kg 한입 중 특상",일반,5.0,2,21400.0,16500.0,9800,0.22897196261682243,0,8560.0
YMM251107-00000030,SMF29718566,제주 산지직송 황금향 선물세트 가정용,중대과,4.5,1,54000.0,40000.0,14000,0.25925925925925924,0,12000.0
YMM251107-00000031,SMF88753441,"해남 숙성꿀고구마, 베니하루카 3kg 5kg 10kg 한입 중 특상",일반,10.0,1,20900.0,16000.0,4900,0.23444976076555024,0,2090.0
YMM251107-00000032,SMF28240458,과즙폭발 꿀당도 보장 감귤 [유라실생],소과,3.0,1,24900.0,24900.0,0,0.0,0,8300.0
YMM251107-00000033,SMF28240458,과즙폭발 꿀당도 보장 감귤 [유라실생],소과,3.0,1,24900.0,24900.0,0,0.0,0,8300.0
YMM251107-00000034,SMF87846210,"2025 첫수확 노지감귤 가정용 3kg, 5kg",소과,5.0,1,24000.0,13300.0,10700,0.44583333333333336,0,4800.0
YMM251107-00000035,SMF87846210,"2025 첫수확 노지감귤 가정용 3kg, 5kg",소과,3.0,1,17000.0,8800.0,8200,0.4823529411764706,0,5666.666666666667
YMM251107-00000037,SMF88753441,"해남 숙성꿀고구마, 베니하루카 3kg 5kg 10kg 한입 중 특상",일반,3.0,1,19900.0,12000.0,7900,0.3969849246231156,0,6633.333333333333
YMM251107-00000038,SMF28240458,과즙폭발 꿀당도 보장 감귤 [유라실생],소과,3.0,1,24900.0,24900.0,0,0.0,0,8300.0
YMM251107-00000039,SMF88753441,"해남 숙성꿀고구마, 베니하루카 3kg 5kg 10kg 한입 중 특상",일반,5.0,1,25900.0,17000.0,8900,0.3436293436293436,0,5180.0
YMM251107-00000040,SMF28240458,과즙폭발 꿀당도 보장 감귤 [유라실생],소과,5.0,1,34900.0,34900.0,0,0.0,0,6980.0
YMM251107-00000041,SMF87846210,"2025 첫수확 노지감귤 가정용 3kg, 5kg",소과,3.0,1,17000.0,8800.0,8200,0.4823529411764706,0,5666.666666666667
YMM251107-00000042,SMF87846210,"2025 첫수확 노지감귤 가정용 3kg, 5kg",소과,3.0,1,17000.0,8800.0,8200,0.4823529411764706,0,5666.666666666667
YMM251107-00000045,SMF28240458,과즙폭발 꿀당도 보장 감귤 [유라실생],소과,3.0,3,24900.0,24900.0,0,0.0,0,24900.0
YMM251107-00000047,SMF28240458,과즙폭발 꿀당도 보장 감귤 [유라실생],소과,3.0,1,24900.0,24900.0,0,0.0,0,8300.0
YMM251107-00000048,SMF87846210,"2025 첫수확 노지감귤 가정용 3kg, 5kg",로얄과,5.0,1,24000.0,13300.0,10700,0.44583333333333336,0,4800.0
YMM251107-00000049,SMF87846210,"2025 첫수확 노지감귤 가정용 3kg, 5kg",소과,3.0,1,17000.0,8800.0,8200,0.4823529411764706,0,5666.666666666667
YMM251107-00000050,SMF87846210,"2025 첫수확 노지감귤 가정용 3kg, 5kg",로얄과,3.0,1,17000.0,8800.0,8200,0.4823529411764706,0,5666.666666666667
YMM251107-00000051,SMF28240458,과즙폭발 꿀당도 보장 감귤 [유라실생],소과,10.0,1,44900.0,44900.0,0,0.0,0,4490.0
YMM251107-00000052,SMF87846210,"2025 첫수확 노지감귤 가정용 3kg, 5kg",소과,10.0,1,35000.0,23000.0,12000,0.34285714285714286,0,3500.0
YMM251107-00000053,SMF28240458,과즙폭발 꿀당도 보장 감귤 [유라실생],소과,5.0,1,34900.0,34900.0,0,0.0,0,6980.0
YMM251107-00000054,SMF28240458,과즙폭발 꿀당도 보장 감귤 [유라실생],소과,3.0,1,24900.0,24900.0,0,0.0,0,8300.0
YMM251107-00000055,SMF87846210,"2025 첫수확 노지감귤 가정용 3kg, 5kg",로얄과,3.0,1,17000.0,8800.0,8200,0.4823529411764706,0,5666.666666666667
YMM251107-00000056,SMF88753441,"해남 숙성꿀고구마, 베니하루카 3kg 5kg 10kg 한입 중 특상",일반,3.0,1,10900.0,7000.0,3900,0.3577981651376147,0,3633.3333333333335
YMM251107-00000057,SMF87846210,"2025 첫수확 노지감귤 가정용 3kg, 5kg",소과,3.0,1,17000.0,8800.0,8200,0.4823529411764706,0,5666.666666666667
YMM251108-00000001,SMF87846210,"2025 첫수확 노지감귤 가정용 3kg, 5kg",소과,5.0,1,24000.0,13300.0,10700,0.44583333333333336,0,4800.0
YMM251108-00000002,SMF88753441,"해남 숙성꿀고구마, 베니하루카 3kg 5kg 10kg 한입 중 특상",일반,10.0,1,32900.0,27000.0,5900,0.17933130699088146,0,3290.0
YMM251108-00000003,SMF88753441,"해남 숙성꿀고구마, 베니하루카 3kg 5kg 10kg 한입 중 특상",일반,10.0,1,20900.0,16000.0,4900,0.23444976076555024,0,2090.0
YMM251108-00000004,SMF87846210,"2025 첫수확 노지감귤 가정용 3kg, 5kg",로얄과,5.0,1,24000.0,13300.0,10700,0.44583333333333336,0,4800.0
YMM251108-00000006,SMF88753441,"해남 숙성꿀고구마, 베니하루카 3kg 5kg 10kg 한입 중 특상",일반,3.0,1,15900.0,12000.0,3900,0.24528301886792453,0,5300.0
YMM251108-00000007,SMF87846210,"2025 첫수확 노지감귤 가정용 3kg, 5kg",소과,3.0,1,17000.0,8800.0,8200,0.4823529411764706,0,5666.666666666667
YMM251108-00000008,SMF29718566,제주 산지직송 황금향 선물세트 가정용,중대과,2.5,1,39000.0,25000.0,14000,0.358974358974359,0,15600.0
YMM251108-00000009,SMF28240458,과즙폭발 꿀당도 보장 감귤 [유라실생],소과,3.0,1,24900.0,24900.0,0,0.0,0,8300.0
YMM251108-00000010,SMF88753441,"해남 숙성꿀고구마, 베니하루카 3kg 5kg 10kg 한입 중 특상",일반,3.0,1,11900.0,8000.0,3900,0.3277310924369748,0,3966.6666666666665
YMM251108-00000011,SMF88753441,"해남 숙성꿀고구마, 베니하루카 3kg 5kg 10kg 한입 중 특상",일반,5.0,1,19900.0,15000.0,4900,0.24623115577889448,0,3980.0
YMM251108-00000013,SMF28240458,과즙폭발 꿀당도 보장 감귤 [유라실생],소과,10.0,1,44900.0,44900.0,0,0.0,0,4490.0
YMM251108-00000014,SMF28240458,과즙폭발 꿀당도 보장 감귤 [유라실생],소과,3.0,1,24900.0,24900.0,0,0.0,0,8300.0
YMM251108-00000015,SMF88753441,"해남 숙성꿀고구마, 베니하루카 3kg 5kg 10kg 한입 중 특상",일반,3.0,1,15900.0,12000.0,3900,0.24528301886792453,0,5300.0
YMM251108-00000019,SMF87846210,"2025 첫수확 노지감귤 가정용 3kg, 5kg",로얄과,3.0,1,17000.0,8800.0,8200,0.4823529411764706,0,5666.666666666667
YMM251108-00000022,SMF87846210,"2025 첫수확 노지감귤 가정용 3kg, 5kg",로얄과,5.0,1,24000.0,13300.0,10700,0.44583333333333336,0,4800.0
YMM251108-00000023,SMF88753441,"해남 숙성꿀고구마, 베니하루카 3kg 5kg 10kg 한입 중 특상",일반,3.0,1,14900.0,11000.0,3900,0.26174496644295303,0,4966.666666666667
YMM251108-00000024,SMF87846210,"2025 첫수확 노지감귤 가정용 3kg, 5kg",소과,3.0,1,17000.0,8800.0,8200,0.4823529411764706,0,5666.666666666667
YMM251108-00000025,SMF88753441,"해남 숙성꿀고구마, 베니하루카 3kg 5kg 10kg 한입 중 특상",일반,3.0,1,15900.0,12000.0,3900,0.24528301886792453,0,5300.0
YMM251108-00000027,SMF87846210,"2025 첫수확 노지감귤 가정용 3kg, 5kg",로얄과,5.0,1,24000.0,13300.0,10700,0.44583333333333336,0,4800.0
YMM251108-00000029,SMF88753441,"해남 숙성꿀고구마, 베니하루카 3kg 5kg 10kg 한입 중 특상",일반,3.0,1,15900.0,12000.0,3900,0.24528301886792453,0,5300.0
YMM251108-00000030,SMF28240458,과즙폭발 꿀당도 보장 감귤 [유라실생],소과,10.0,1,44900.0,44900.0,0,0.0,0,4490.0
YMM251108-00000031,SMF28240458,과즙폭발 꿀당도 보장 감귤 [유라실생],소과,3.0,1,24900.0,24900.0,0,0.0,0,8300.0
YMM251108-00000032,SMF88753441,"해남 숙성꿀고구마, 베니하루카 3kg 5kg 10kg 한입 중 특상",일반,10.0,2,23400.0,18500.0,9800,0.2094017094017094,0,4680.0
YMM251108-00000033,SMF88753441,"해남 숙성꿀고구마, 베니하루카 3kg 5kg 10kg 한입 중 특상",일반,10.0,1,31900.0,26000.0,5900,0.18495297805642633,0,3190.0
YMM251108-00000034,SMF88753441,"해남 숙성꿀고구마, 베니하루카 3kg 5kg 10kg 한입 중 특상",일반,10.0,1,31900.0,26000.0,5900,0.18495297805642633,0,3190.0
YMM251108-00000035,SMF87846210,"2025 첫수확 노지감귤 가정용 3kg, 5kg",로얄과,5.0,1,24000.0,13300.0,10700,0.44583333333333336,0,4800.0
YMM251108-00000036,SMF87846210,"2025 첫수확 노지감귤 가정용 3kg, 5kg",로얄과,5.0,1,24000.0,13300.0,10700,0.44583333333333336,0,4800.0
YMM251108-00000037,SMF87846210,"2025 첫수확 노지감귤 가정용 3kg, 5kg",로얄과,5.0,1,24000.0,13300.0,10700,0.44583333333333336,0,4800.0
YMM251108-00000038,SMF87846210,"2025 첫수확 노지감귤 가정용 3kg, 5kg",로얄과,10.0,1,35000.0,23000.0,12000,0.34285714285714286,0,3500.0
YMM251108-00000039,SMF88753441,"해남 숙성꿀고구마, 베니하루카 3kg 5kg 10kg 한입 중 특상",일반,10.0,1,32900.0,27000.0,5900,0.17933130699088146,0,3290.0
YMM251109-00000001,SMF87846210,"2025 첫수확 노지감귤 가정용 3kg, 5kg",로얄과,10.0,1,35000.0,23000.0,12000,0.34285714285714286,0,3500.0
YMM251109-00000002,SMF28240458,과즙폭발 꿀당도 보장 감귤 [유라실생],소과,5.0,1,34900.0,34900.0,0,0.0,0,6980.0
YMM251109-00000003,SMF88753441,"해남 숙성꿀고구마, 베니하루카 3kg 5kg 10kg 한입 중 특상",일반,10.0,2,32900.0,27000.0,11800,0.17933130699088146,0,6580.0
YMM251109-00000004,SMF28240458,과즙폭발 꿀당도 보장 감귤 [유라실생],소과,3.0,1,24900.0,24900.0,0,0.0,0,8300.0
YMM251109-00000006,SMF28240458,과즙폭발 꿀당도 보장 감귤 [유라실생],소과,3.0,1,24900.0,24900.0,0,0.0,0,8300.0
YMM251109-00000007,SMF28240458,과즙폭발 꿀당도 보장 감귤 [유라실생],소과,3.0,1,24900.0,24900.0,0,0.0,0,8300.0
YMM251109-00000008,SMF28240458,과즙폭발 꿀당도 보장 감귤 [유라실생],소과,3.0,1,24900.0,24900.0,0,0.0,0,8300.0
YMM251109-00000009,SMF87846210,"2025 첫수확 노지감귤 가정용 3kg, 5kg",로얄과,5.0,1,24000.0,13300.0,10700,0.44583333333333336,0,4800.0
YMM251109-00000010,SMF88753441,"해남 숙성꿀고구마, 베니하루카 3kg 5kg 10kg 한입 중 특상",일반,3.0,1,11900.0,8000.0,3900,0.3277310924369748,0,3966.6666666666665
YMM251109-00000011,SMF88753441,"해남 숙성꿀고구마, 베니하루카 3kg 5kg 10kg 한입 중 특상",일반,3.0,1,14900.0,11000.0,3900,0.26174496644295303,0,4966.666666666667
YMM251109-00000012,SMF28240458,과즙폭발 꿀당도 보장 감귤 [유라실생],소과,5.0,1,34900.0,34900.0,0,0.0,0,6980.0
YMM251109-00000013,SMF29718566,제주 산지직송 황금향 선물세트 가정용,중대과,2.5,1,39000.0,25000.0,14000,0.358974358974359,0,15600.0
YMM251109-00000014,SMF28240458,과즙폭발 꿀당도 보장 감귤 [유라실생],소과,5.0,2,34900.0,34900.0,0,0.0,0,13960.0
YMM251109-00000015,SMF28240458,과즙폭발 꿀당도 보장 감귤 [유라실생],소과,5.0,1,34900.0,34900.0,0,0.0,0,6980.0
YMM251109-00000017,SMF88753441,"해남 숙성꿀고구마, 베니하루카 3kg 5kg 10kg 한입 중 특상",일반,10.0,1,33900.0,28000.0,5900,0.17404129793510326,0,3390.0
YMM251109-00000018,SMF87846210,"2025 첫수확 노지감귤 가정용 3kg, 5kg",로얄과,10.0,1,35000.0,23000.0,12000,0.34285714285714286,0,3500.0
YMM251109-00000020,SMF87846210,"2025 첫수확 노지감귤 가정용 3kg, 5kg",소과,5.0,1,24000.0,13300.0,10700,0.44583333333333336,0,4800.0
YMM251109-00000021,SMF28240458,과즙폭발 꿀당도 보장 감귤 [유라실생],소과,10.0,1,44900.0,44900.0,0,0.0,0,4490.0
YMM251109-00000022,SMF87846210,"2025 첫수확 노지감귤 가정용 3kg, 5kg",로얄과,5.0,1,24000.0,13300.0,10700,0.44583333333333336,0,4800.0
YMM251109-00000023,SMF28240458,과즙폭발 꿀당도 보장 감귤 [유라실생],소과,5.0,1,34900.0,34900.0,0,0.0,0,6980.0
YMM251109-00000024,SMF87846210,"2025 첫수확 노지감귤 가정용 3kg, 5kg",로얄과,10.0,2,35000.0,23000.0,24000,0.34285714285714286,0,7000.0
YMM251109-00000025,SMF87846210,"2025 첫수확 노지감귤 가정용 3kg, 5kg",소과,5.0,1,24000.0,13300.0,10700,0.44583333333333336,0,4800.0
YMM251109-00000026,SMF87846210,"2025 첫수확 노지감귤 가정용 3kg, 5kg",소과,5.0,1,24000.0,13300.0,10700,0.44583333333333336,0,4800.0
YMM251109-00000028,SMF87846210,"2025 첫수확 노지감귤 가정용 3kg, 5kg",로얄과,10.0,1,35000.0,23000.0,12000,0.34285714285714286,0,3500.0
YMM251109-00000029,SMF87846210,"2025 첫수확 노지감귤 가정용 3kg, 5kg",로얄과,5.0,1,24000.0,13300.0,10700,0.44583333333333336,0,4800.0
YMM251109-00000030,SMF87846210,"2025 첫수확 노지감귤 가정용 3kg, 5kg",소과,3.0,1,17000.0,8800.0,8200,0.4823529411764706,0,5666.666666666667
YMM251109-00000031,SMF87846210,"2025 첫수확 노지감귤 가정용 3kg, 5kg",소과,10.0,1,35000.0,23000.0,12000,0.34285714285714286,0,3500.0
YMM251109-00000032,SMF28240458,과즙폭발 꿀당도 보장 감귤 [유라실생],소과,5.0,1,34900.0,34900.0,0,0.0,0,6980.0
YMM251110-00000001,SMF87846210,"2025 첫수확 노지감귤 가정용 3kg, 5kg",소과,3.0,1,17000.0,8800.0,8200,0.4823529411764706,0,5666.666666666667
YMM251110-00000002,SMF28240458,과즙폭발 꿀당도 보장 감귤 [유라실생],소과,5.0,3,34900.0,34900.0,0,0.0,0,20940.0
YMM251110-00000003,SMF88753441,"해남 숙성꿀고구마, 베니하루카 3kg 5kg 10kg 한입 중 특상",일반,3.0,1,14900.0,11000.0,3900,0.26174496644295303,0,4966.666666666667
YMM251110-00000004,SMF28240458,과즙폭발 꿀당도 보장 감귤 [유라실생],소과,5.0,1,34900.0,34900.0,0,0.0,0,6980.0
YMM251110-00000005,SMF88753441,"해남 숙성꿀고구마, 베니하루카 3kg 5kg 10kg 한입 중 특상",일반,3.0,1,11900.0,8000.0,3900,0.3277310924369748,0,3966.6666666666665
YMM251110-00000006,SMF28240458,과즙폭발 꿀당도 보장 감귤 [유라실생],소과,5.0,1,34900.0,34900.0,0,0.0,0,6980.0
YMM251110-00000007,SMF87846210,"2025 첫수확 노지감귤 가정용 3kg, 5kg",로얄과,10.0,1,35000.0,23000.0,12000,0.34285714285714286,0,3500.0
YMM251110-00000008,SMF28240458,과즙폭발 꿀당도 보장 감귤 [유라실생],소과,5.0,1,34900.0,34900.0,0,0.0,0,6980.0
YMM251110-00000009,SMF88753441,"해남 숙성꿀고구마, 베니하루카 3kg 5kg 10kg 한입 중 특상",일반,10.0,1,20900.0,16000.0,4900,0.23444976076555024,0,2090.0
YMM251110-00000010,SMF82923688,"제주 산지직송 하우스감귤 2kg, 4kg, 4.5kg 소과 로얄과 중대과",로얄과,2.0,1,24000.0,16000.0,8000,0.3333333333333333,1,12000.0
YMM251110-00000011,SMF82923688,"제주 산지직송 하우스감귤 2kg, 4kg, 4.5kg 소과 로얄과 중대과",로얄과,2.0,1,24000.0,16000.0,8000,0.3333333333333333,1,12000.0
YMM251110-00000012,SMF28240458,과즙폭발 꿀당도 보장 감귤 [유라실생],소과,3.0,1,24900.0,24900.0,0,0.0,0,8300.0
YMM251110-00000013,SMF87846210,"2025 첫수확 노지감귤 가정용 3kg, 5kg",소과,5.0,1,24000.0,13300.0,10700,0.44583333333333336,0,4800.0
YMM251110-00000014,SMF87846210,"2025 첫수확 노지감귤 가정용 3kg, 5kg",소과,10.0,2,35000.0,23000.0,24000,0.34285714285714286,0,7000.0
YMM251110-00000015,SMF28240458,과즙폭발 꿀당도 보장 감귤 [유라실생],소과,10.0,3,44900.0,44900.0,0,0.0,0,13470.0
YMM251110-00000016,SMF28240458,과즙폭발 꿀당도 보장 감귤 [유라실생],소과,5.0,1,34900.0,34900.0,0,0.0,0,6980.0
YMM251110-00000017,SMF87846210,"2025 첫수확 노지감귤 가정용 3kg, 5kg",소과,5.0,1,24000.0,13300.0,10700,0.44583333333333336,0,4800.0
YMM251110-00000018,SMF88753441,"해남 숙성꿀고구마, 베니하루카 3kg 5kg 10kg 한입 중 특상",일반,10.0,1,31900.0,26000.0,5900,0.18495297805642633,0,3190.0
YMM251110-00000020,SMF87846210,"2025 첫수확 노지감귤 가정용 3kg, 5kg",소과,3.0,1,17000.0,8800.0,8200,0.4823529411764706,0,5666.666666666667
YMM251110-00000023,SMF28240458,과즙폭발 꿀당도 보장 감귤 [유라실생],소과,3.0,1,24900.0,24900.0,0,0.0,0,8300.0
YMM251110-00000025,SMF87846210,"2025 첫수확 노지감귤 가정용 3kg, 5kg",소과,5.0,1,24000.0,13300.0,10700,0.44583333333333336,0,4800.0
YMM251110-00000027,SMF88753441,"해남 숙성꿀고구마, 베니하루카 3kg 5kg 10kg 한입 중 특상",일반,5.0,1,19900.0,15000.0,4900,0.24623115577889448,0,3980.0
YMM251110-00000029,SMF87846210,"2025 첫수확 노지감귤 가정용 3kg, 5kg",소과,3.0,1,17000.0,8800.0,8200,0.4823529411764706,0,5666.666666666667
YMM251110-00000030,SMF87846210,"2025 첫수확 노지감귤 가정용 3kg, 5kg",소과,3.0,1,17000.0,8800.0,8200,0.4823529411764706,0,5666.666666666667
YMM251110-00000031,SMF87846210,"2025 첫수확 노지감귤 가정용 3kg, 5kg",소과,5.0,1,24000.0,13300.0,10700,0.44583333333333336,0,4800.0
YMM251110-00000032,SMF28240458,과즙폭발 꿀당도 보장 감귤 [유라실생],소과,3.0,1,24900.0,24900.0,0,0.0,0,8300.0
YMM251110-00000033,SMF87846210,"2025 첫수확 노지감귤 가정용 3kg, 5kg",소과,5.0,1,24000.0,13300.0,10700,0.44583333333333336,0,4800.0
YMM251110-00000034,SMF28240458,과즙폭발 꿀당도 보장 감귤 [유라실생],소과,3.0,1,24900.0,24900.0,0,0.0,0,8300.0
YMM251110-00000035,SMF87846210,"2025 첫수확 노지감귤 가정용 3kg, 5kg",소과,3.0,3,17000.0,8800.0,24600,0.4823529411764706,0,17000.0
YMM251110-00000036,SMF88753441,"해남 숙성꿀고구마, 베니하루카 3kg 5kg 10kg 한입 중 특상",일반,3.0,1,10900.0,7000.0,3900,0.3577981651376147,0,3633.3333333333335
YMM251110-00000037,SMF88753441,"해남 숙성꿀고구마, 베니하루카 3kg 5kg 10kg 한입 중 특상",일반,3.0,1,15900.0,12000.0,3900,0.24528301886792453,0,5300.0
YMM251110-00000038,SMF87846210,"2025 첫수확 노지감귤 가정용 3kg, 5kg",소과,10.0,2,35000.0,23000.0,24000,0.34285714285714286,0,7000.0
YMM251110-00000039,SMF28240458,과즙폭발 꿀당도 보장 감귤 [유라실생],소과,10.0,5,44900.0,44900.0,0,0.0,0,22450.0
YMM251110-00000040,SMF88753441,"해남 숙성꿀고구마, 베니하루카 3kg 5kg 10kg 한입 중 특상",일반,5.0,2,19900.0,15000.0,9800,0.24623115577889448,0,7960.0
YMM251111-00000001,SMF29718566,제주 산지직송 황금향 선물세트 가정용,중대과,2.5,1,39000.0,25000.0,14000,0.358974358974359,0,15600.0
YMM251111-00000002,SMF28240458,과즙폭발 꿀당도 보장 감귤 [유라실생],소과,3.0,1,24900.0,24900.0,0,0.0,0,8300.0
YMM251111-00000003,SMF88753441,"해남 숙성꿀고구마, 베니하루카 3kg 5kg 10kg 한입 중 특상",일반,5.0,1,13900.0,10000.0,3900,0.2805755395683453,0,2780.0
YMM251111-00000004,SMF87846210,"2025 첫수확 노지감귤 가정용 3kg, 5kg",소과,3.0,1,17000.0,8800.0,8200,0.4823529411764706,0,5666.666666666667
YMM251111-00000005,SMF87846210,"2025 첫수확 노지감귤 가정용 3kg, 5kg",로얄과,10.0,1,35000.0,23000.0,12000,0.34285714285714286,0,3500.0
YMM251111-00000006,SMF87846210,"2025 첫수확 노지감귤 가정용 3kg, 5kg",로얄과,10.0,1,35000.0,23000.0,12000,0.34285714285714286,0,3500.0
YMM251111-00000007,SMF87846210,"2025 첫수확 노지감귤 가정용 3kg, 5kg",로얄과,10.0,1,35000.0,23000.0,12000,0.34285714285714286,0,3500.0
YMM251111-00000008,SMF88753441,"해남 숙성꿀고구마, 베니하루카 3kg 5kg 10kg 한입 중 특상",일반,5.0,1,20900.0,16000.0,4900,0.23444976076555024,0,4180.0
YMM251111-00000010,SMF87846210,"2025 첫수확 노지감귤 가정용 3kg, 5kg",로얄과,5.0,1,24000.0,13300.0,10700,0.44583333333333336,0,4800.0
YMM251111-00000014,SMF87846210,"2025 첫수확 노지감귤 가정용 3kg, 5kg",로얄과,10.0,1,35000.0,23000.0,12000,0.34285714285714286,0,3500.0
YMM251111-00000015,SMF87846210,"2025 첫수확 노지감귤 가정용 3kg, 5kg",로얄과,5.0,2,24000.0,13300.0,21400,0.44583333333333336,0,9600.0
YMM251111-00000016,SMF87846210,"2025 첫수확 노지감귤 가정용 3kg, 5kg",로얄과,5.0,1,24000.0,13300.0,10700,0.44583333333333336,0,4800.0
YMM251111-00000017,SMF88753441,"해남 숙성꿀고구마, 베니하루카 3kg 5kg 10kg 한입 중 특상",일반,5.0,1,14900.0,11000.0,3900,0.26174496644295303,0,2980.0
YMM251111-00000018,SMF88753441,"해남 숙성꿀고구마, 베니하루카 3kg 5kg 10kg 한입 중 특상",일반,5.0,1,19900.0,15000.0,4900,0.24623115577889448,0,3980.0
YMM251111-00000020,SMF87846210,"2025 첫수확 노지감귤 가정용 3kg, 5kg",소과,5.0,1,24000.0,13300.0,10700,0.44583333333333336,0,4800.0
YMM251111-00000021,SMF88753441,"해남 숙성꿀고구마, 베니하루카 3kg 5kg 10kg 한입 중 특상",일반,3.0,1,15900.0,12000.0,3900,0.24528301886792453,0,5300.0
YMM251111-00000022,SMF87846210,"2025 첫수확 노지감귤 가정용 3kg, 5kg",로얄과,10.0,2,35000.0,23000.0,24000,0.34285714285714286,0,7000.0
YMM251111-00000023,SMF28240458,과즙폭발 꿀당도 보장 감귤 [유라실생],소과,3.0,2,29900.0,29900.0,0,0.0,0,19933.333333333332
YMM251111-00000024,SMF28240458,과즙폭발 꿀당도 보장 감귤 [유라실생],소과,3.0,1,24900.0,24900.0,0,0.0,0,8300.0
YMM251111-00000025,SMF88753441,"해남 숙성꿀고구마, 베니하루카 3kg 5kg 10kg 한입 중 특상",일반,5.0,1,14900.0,11000.0,3900,0.26174496644295303,0,2980.0
YMM251111-00000030,SMF28240458,과즙폭발 꿀당도 보장 감귤 [유라실생],소과,10.0,1,44900.0,44900.0,0,0.0,0,4490.0
YMM251111-00000032,SMF87846210,"2025 첫수확 노지감귤 가정용 3kg, 5kg",로얄과,10.0,1,35000.0,23000.0,12000,0.34285714285714286,0,3500.0
YMM251111-00000033,SMF29718566,제주 산지직송 황금향 선물세트 가정용,중대과,2.5,1,39000.0,25000.0,14000,0.358974358974359,0,15600.0
YMM251111-00000034,SMF88753441,"해남 숙성꿀고구마, 베니하루카 3kg 5kg 10kg 한입 중 특상",일반,10.0,1,32900.0,27000.0,5900,0.17933130699088146,0,3290.0
YMM251111-00000035,SMF28240458,과즙폭발 꿀당도 보장 감귤 [유라실생],소과,5.0,1,34900.0,34900.0,0,0.0,0,6980.0
YMM251111-00000036,SMF28240458,과즙폭발 꿀당도 보장 감귤 [유라실생],소과,5.0,1,34900.0,34900.0,0,0.0,0,6980.0
YMM251111-00000038,SMF28240458,과즙폭발 꿀당도 보장 감귤 [유라실생],소과,5.0,2,34900.0,34900.0,0,0.0,0,13960.0
YMM251111-00000039,SMF28240458,과즙폭발 꿀당도 보장 감귤 [유라실생],소과,5.0,3,34900.0,34900.0,0,0.0,0,20940.0
YMM251111-00000040,SMF28240458,과즙폭발 꿀당도 보장 감귤 [유라실생],소과,3.0,1,24900.0,24900.0,0,0.0,0,8300.0
YMM251111-00000044,SMF87846210,"2025 첫수확 노지감귤 가정용 3kg, 5kg",로얄과,10.0,1,35000.0,23000.0,12000,0.34285714285714286,0,3500.0
YMM251111-00000045,SMF88753441,"해남 숙성꿀고구마, 베니하루카 3kg 5kg 10kg 한입 중 특상",일반,3.0,1,10900.0,7000.0,3900,0.3577981651376147,0,3633.3333333333335
YMM251111-00000046,SMF28240458,과즙폭발 꿀당도 보장 감귤 [유라실생],소과,10.0,1,44900.0,44900.0,0,0.0,0,4490.0
YMM251111-00000051,SMF88753441,"해남 숙성꿀고구마, 베니하루카 3kg 5kg 10kg 한입 중 특상",일반,3.0,1,15900.0,12000.0,3900,0.24528301886792453,0,5300.0
YMM251111-00000052,SMF29718566,제주 산지직송 황금향 선물세트 가정용,중대과,2.5,1,39000.0,25000.0,14000,0.358974358974359,0,15600.0
YMM251111-00000053,SMF88753441,"해남 숙성꿀고구마, 베니하루카 3kg 5kg 10kg 한입 중 특상",일반,5.0,1,19900.0,15000.0,4900,0.24623115577889448,0,3980.0
YMM251111-00000054,SMF88753441,"해남 숙성꿀고구마, 베니하루카 3kg 5kg 10kg 한입 중 특상",일반,5.0,1,19900.0,15000.0,4900,0.24623115577889448,0,3980.0
YMM251111-00000055,SMF87846210,"2025 첫수확 노지감귤 가정용 3kg, 5kg",소과,5.0,1,24000.0,13300.0,10700,0.44583333333333336,0,4800.0
YMM251111-00000056,SMF87846210,"2025 첫수확 노지감귤 가정용 3kg, 5kg",소과,3.0,1,17000.0,8800.0,8200,0.4823529411764706,0,5666.666666666667
YMM251111-00000057,SMF87846210,"2025 첫수확 노지감귤 가정용 3kg, 5kg",로얄과,5.0,1,24000.0,13300.0,10700,0.44583333333333336,0,4800.0
YMM251111-00000058,SMF28240458,과즙폭발 꿀당도 보장 감귤 [유라실생],소과,10.0,1,44900.0,44900.0,0,0.0,0,4490.0
YMM251111-00000060,SMF87846210,"2025 첫수확 노지감귤 가정용 3kg, 5kg",소과,3.0,2,17000.0,8800.0,16400,0.4823529411764706,0,11333.333333333334
YMM251111-00000061,SMF87846210,"2025 첫수확 노지감귤 가정용 3kg, 5kg",소과,3.0,1,17000.0,8800.0,8200,0.4823529411764706,0,5666.666666666667
YMM251111-00000062,SMF28240458,과즙폭발 꿀당도 보장 감귤 [유라실생],소과,3.0,1,24900.0,24900.0,0,0.0,0,8300.0
YMM251111-00000063,SMF88753441,"해남 숙성꿀고구마, 베니하루카 3kg 5kg 10kg 한입 중 특상",일반,3.0,1,11900.0,8000.0,3900,0.3277310924369748,0,3966.6666666666665
YMM251111-00000064,SMF88753441,"해남 숙성꿀고구마, 베니하루카 3kg 5kg 10kg 한입 중 특상",일반,10.0,1,20900.0,16000.0,4900,0.23444976076555024,0,2090.0
YMM251111-00000065,SMF28240458,과즙폭발 꿀당도 보장 감귤 [유라실생],소과,10.0,1,44900.0,44900.0,0,0.0,0,4490.0
YMM251111-00000066,SMF28240458,과즙폭발 꿀당도 보장 감귤 [유라실생],소과,5.0,1,34900.0,34900.0,0,0.0,0,6980.0
YMM251111-00000067,SMF28240458,과즙폭발 꿀당도 보장 감귤 [유라실생],소과,3.0,1,24900.0,24900.0,0,0.0,0,8300.0
YMM251111-00000068,SMF88753441,"해남 숙성꿀고구마, 베니하루카 3kg 5kg 10kg 한입 중 특상",일반,10.0,1,32900.0,27000.0,5900,0.17933130699088146,0,3290.0
YMM251111-00000072,SMF88753441,"해남 숙성꿀고구마, 베니하루카 3kg 5kg 10kg 한입 중 특상",일반,5.0,1,19900.0,15000.0,4900,0.24623115577889448,0,3980.0
YMM251111-00000073,SMF87846210,"2025 첫수확 노지감귤 가정용 3kg, 5kg",소과,5.0,1,24000.0,13300.0,10700,0.44583333333333336,0,4800.0
YMM251111-00000074,SMF28240458,과즙폭발 꿀당도 보장 감귤 [유라실생],소과,3.0,1,24900.0,24900.0,0,0.0,0,8300.0
YMM251112-00000002,SMF88753441,"해남 숙성꿀고구마, 베니하루카 3kg 5kg 10kg 한입 중 특상",일반,3.0,1,15900.0,12000.0,3900,0.24528301886792453,0,5300.0
YMM251112-00000003,SMF88753441,"해남 숙성꿀고구마, 베니하루카 3kg 5kg 10kg 한입 중 특상",일반,10.0,1,33900.0,28000.0,5900,0.17404129793510326,0,3390.0
YMM251112-00000004,SMF88753441,"해남 숙성꿀고구마, 베니하루카 3kg 5kg 10kg 한입 중 특상",일반,3.0,2,11900.0,8000.0,7800,0.3277310924369748,0,7933.333333333333
YMM251112-00000005,SMF88753441,"해남 숙성꿀고구마, 베니하루카 3kg 5kg 10kg 한입 중 특상",일반,5.0,1,20900.0,16000.0,4900,0.23444976076555024,0,4180.0
YMM251112-00000006,SMF28240458,과즙폭발 꿀당도 보장 감귤 [유라실생],소과,10.0,1,44900.0,44900.0,0,0.0,0,4490.0
YMM251112-00000007,SMF87846210,"2025 첫수확 노지감귤 가정용 3kg, 5kg",로얄과,5.0,1,24000.0,13300.0,10700,0.44583333333333336,0,4800.0
YMM251112-00000008,SMF87846210,"2025 첫수확 노지감귤 가정용 3kg, 5kg",소과,5.0,1,24000.0,13300.0,10700,0.44583333333333336,0,4800.0
YMM251112-00000010,SMF88753441,"해남 숙성꿀고구마, 베니하루카 3kg 5kg 10kg 한입 중 특상",일반,5.0,1,13900.0,10000.0,3900,0.2805755395683453,0,2780.0
YMM251112-00000011,SMF28240458,과즙폭발 꿀당도 보장 감귤 [유라실생],소과,3.0,1,24900.0,24900.0,0,0.0,0,8300.0
YMM251112-00000012,SMF28240458,과즙폭발 꿀당도 보장 감귤 [유라실생],소과,10.0,1,44900.0,44900.0,0,0.0,0,4490.0
YMM251112-00000014,SMF28240458,과즙폭발 꿀당도 보장 감귤 [유라실생],소과,5.0,1,34900.0,34900.0,0,0.0,0,6980.0
YMM251112-00000015,SMF87846210,"2025 첫수확 노지감귤 가정용 3kg, 5kg",소과,5.0,1,24000.0,13300.0,10700,0.44583333333333336,0,4800.0
YMM251112-00000016,SMF28240458,과즙폭발 꿀당도 보장 감귤 [유라실생],소과,3.0,1,24900.0,24900.0,0,0.0,0,8300.0
YMM251112-00000017,SMF88753441,"해남 숙성꿀고구마, 베니하루카 3kg 5kg 10kg 한입 중 특상",일반,10.0,1,33900.0,28000.0,5900,0.17404129793510326,0,3390.0
YMM251112-00000018,SMF87846210,"2025 첫수확 노지감귤 가정용 3kg, 5kg",로얄과,5.0,1,24000.0,13300.0,10700,0.44583333333333336,0,4800.0
YMM251112-00000019,SMF28240458,과즙폭발 꿀당도 보장 감귤 [유라실생],소과,3.0,1,24900.0,24900.0,0,0.0,0,8300.0
YMM251112-00000020,SMF88753441,"해남 숙성꿀고구마, 베니하루카 3kg 5kg 10kg 한입 중 특상",일반,10.0,2,20900.0,16000.0,9800,0.23444976076555024,0,4180.0
YMM251112-00000021,SMF87846210,"2025 첫수확 노지감귤 가정용 3kg, 5kg",소과,5.0,1,24000.0,13300.0,10700,0.44583333333333336,0,4800.0
YMM251112-00000022,SMF28240458,과즙폭발 꿀당도 보장 감귤 [유라실생],소과,5.0,1,34900.0,34900.0,0,0.0,0,6980.0
YMM251112-00000023,SMF88753441,"해남 숙성꿀고구마, 베니하루카 3kg 5kg 10kg 한입 중 특상",일반,5.0,1,20900.0,16000.0,4900,0.23444976076555024,0,4180.0
YMM251112-00000024,SMF87846210,"2025 첫수확 노지감귤 가정용 3kg, 5kg",소과,10.0,1,35000.0,23000.0,12000,0.34285714285714286,0,3500.0
YMM251112-00000025,SMF88753441,"해남 숙성꿀고구마, 베니하루카 3kg 5kg 10kg 한입 중 특상",일반,3.0,1,15900.0,12000.0,3900,0.24528301886792453,0,5300.0
YMM251112-00000026,SMF88753441,"해남 숙성꿀고구마, 베니하루카 3kg 5kg 10kg 한입 중 특상",일반,3.0,1,11900.0,8000.0,3900,0.3277310924369748,0,3966.6666666666665
YMM251112-00000027,SMF87846210,"2025 첫수확 노지감귤 가정용 3kg, 5kg",소과,3.0,1,17000.0,8800.0,8200,0.4823529411764706,0,5666.666666666667
YMM251112-00000028,SMF88753441,"해남 숙성꿀고구마, 베니하루카 3kg 5kg 10kg 한입 중 특상",일반,3.0,1,10900.0,7000.0,3900,0.3577981651376147,0,3633.3333333333335
YMM251112-00000029,SMF88753441,"해남 숙성꿀고구마, 베니하루카 3kg 5kg 10kg 한입 중 특상",일반,3.0,1,11900.0,8000.0,3900,0.3277310924369748,0,3966.6666666666665
YMM251112-00000030,SMF28240458,과즙폭발 꿀당도 보장 감귤 [유라실생],소과,10.0,1,44900.0,44900.0,0,0.0,0,4490.0
YMM251112-00000031,SMF87846210,"2025 첫수확 노지감귤 가정용 3kg, 5kg",소과,5.0,1,24000.0,13300.0,10700,0.44583333333333336,0,4800.0
YMM251112-00000032,SMF28240458,과즙폭발 꿀당도 보장 감귤 [유라실생],소과,10.0,1,44900.0,44900.0,0,0.0,0,4490.0
YMM251112-00000034,SMF14158451,[사전예약]고당도 타이벡감귤 2025년 첫 수확,일반,2.5,1,29000.0,29000.0,0,0.0,0,11600.0
YMM251112-00000035,SMF87846210,"2025 첫수확 노지감귤 가정용 3kg, 5kg",소과,3.0,1,17000.0,8800.0,8200,0.4823529411764706,0,5666.666666666667
YMM251112-00000036,SMF28240458,과즙폭발 꿀당도 보장 감귤 [유라실생],소과,5.0,1,34900.0,34900.0,0,0.0,0,6980.0
YMM251112-00000037,SMF88753441,"해남 숙성꿀고구마, 베니하루카 3kg 5kg 10kg 한입 중 특상",일반,5.0,1,20900.0,16000.0,4900,0.23444976076555024,0,4180.0
YMM251112-00000038,SMF87846210,"2025 첫수확 노지감귤 가정용 3kg, 5kg",로얄과,10.0,1,35000.0,23000.0,12000,0.34285714285714286,0,3500.0
YMM251112-00000039,SMF14158451,[사전예약]고당도 타이벡감귤 2025년 첫 수확,일반,5.0,1,39000.0,30000.0,9000,0.23076923076923078,0,7800.0
YMM251112-00000040,SMF14158451,[사전예약]고당도 타이벡감귤 2025년 첫 수확,일반,5.0,1,39000.0,30000.0,9000,0.23076923076923078,0,7800.0
YMM251112-00000041,SMF87846210,"2025 첫수확 노지감귤 가정용 3kg, 5kg",소과,3.0,1,17000.0,8800.0,8200,0.4823529411764706,0,5666.666666666667
YMM251112-00000044,SMF87846210,"2025 첫수확 노지감귤 가정용 3kg, 5kg",소과,5.0,1,24000.0,13300.0,10700,0.44583333333333336,0,4800.0
YMM251112-00000045,SMF14158451,[사전예약]고당도 타이벡감귤 2025년 첫 수확,일반,2.5,1,29000.0,29000.0,0,0.0,0,11600.0
YMM251112-00000052,SMF14158451,[사전예약]고당도 타이벡감귤 2025년 첫 수확,일반,2.5,1,29000.0,29000.0,0,0.0,0,11600.0
YMM251112-00000053,SMF14158451,[사전예약]고당도 타이벡감귤 2025년 첫 수확,일반,2.5,1,29000.0,29000.0,0,0.0,0,11600.0
YMM251113-00000002,SMF88753441,"해남 숙성꿀고구마, 베니하루카 3kg 5kg 10kg 한입 중 특상",일반,3.0,1,10900.0,7000.0,3900,0.3577981651376147,0,3633.3333333333335
YMM251113-00000003,SMF14158451,[사전예약]고당도 타이벡감귤 2025년 첫 수확,일반,2.5,1,29000.0,29000.0,0,0.0,0,11600.0
YMM251113-00000004,SMF88753441,"해남 숙성꿀고구마, 베니하루카 3kg 5kg 10kg 한입 중 특상",일반,5.0,1,14900.0,11000.0,3900,0.26174496644295303,0,2980.0
YMM251113-00000007,SMF88753441,"해남 숙성꿀고구마, 베니하루카 3kg 5kg 10kg 한입 중 특상",일반,3.0,1,10900.0,7000.0,3900,0.3577981651376147,0,3633.3333333333335
YMM251113-00000008,SMF14158451,[사전예약]고당도 타이벡감귤 2025년 첫 수확,일반,5.0,1,39000.0,30000.0,9000,0.23076923076923078,0,7800.0
YMM251113-00000009,SMF14158451,[사전예약]고당도 타이벡감귤 2025년 첫 수확,일반,2.5,1,29000.0,29000.0,0,0.0,0,11600.0
YMM251113-00000010,SMF14158451,[사전예약]고당도 타이벡감귤 2025년 첫 수확,일반,2.5,1,29000.0,29000.0,0,0.0,0,11600.0
YMM251113-00000011,SMF14158451,[사전예약]고당도 타이벡감귤 2025년 첫 수확,일반,5.0,1,39000.0,30000.0,9000,0.23076923076923078,0,7800.0
YMM251113-00000012,SMF28240458,과즙폭발 꿀당도 보장 감귤 [유라실생],소과,3.0,2,24900.0,24900.0,0,0.0,0,16600.0
YMM251113-00000013,SMF87846210,"2025 첫수확 노지감귤 가정용 3kg, 5kg",로얄과,3.0,5,17000.0,8800.0,41000,0.4823529411764706,0,28333.333333333332
YMM251113-00000014,SMF14158451,[사전예약]고당도 타이벡감귤 2025년 첫 수확,일반,2.5,1,29000.0,29000.0,0,0.0,0,11600.0
YMM251113-00000015,SMF88753441,"해남 숙성꿀고구마, 베니하루카 3kg 5kg 10kg 한입 중 특상",일반,10.0,1,32900.0,27000.0,5900,0.17933130699088146,0,3290.0
YMM251113-00000016,SMF28240458,과즙폭발 꿀당도 보장 감귤 [유라실생],소과,10.0,2,44900.0,44900.0,0,0.0,0,8980.0
YMM251113-00000017,SMF14158451,[사전예약]고당도 타이벡감귤 2025년 첫 수확,일반,2.5,1,29000.0,29000.0,0,0.0,0,11600.0
YMM251113-00000019,SMF14158451,[사전예약]고당도 타이벡감귤 2025년 첫 수확,일반,2.5,1,29000.0,29000.0,0,0.0,0,11600.0
YMM251113-00000020,SMF14158451,[사전예약]고당도 타이벡감귤 2025년 첫 수확,일반,2.5,1,29000.0,29000.0,0,0.0,0,11600.0
YMM251113-00000021,SMF28240458,과즙폭발 꿀당도 보장 감귤 [유라실생],소과,10.0,1,44900.0,44900.0,0,0.0,0,4490.0
YMM251113-00000022,SMF87846210,"2025 첫수확 노지감귤 가정용 3kg, 5kg",소과,5.0,1,24000.0,13300.0,10700,0.44583333333333336,0,4800.0
YMM251113-00000023,SMF14158451,[사전예약]고당도 타이벡감귤 2025년 첫 수확,일반,2.5,1,29000.0,29000.0,0,0.0,0,11600.0
YMM251113-00000025,SMF88753441,"해남 숙성꿀고구마, 베니하루카 3kg 5kg 10kg 한입 중 특상",일반,3.0,1,15900.0,12000.0,3900,0.24528301886792453,0,5300.0
YMM251113-00000026,SMF14158451,[사전예약]고당도 타이벡감귤 2025년 첫 수확,일반,5.0,1,39000.0,30000.0,9000,0.23076923076923078,0,7800.0
YMM251113-00000027,SMF14158451,[사전예약]고당도 타이벡감귤 2025년 첫 수확,일반,5.0,1,39000.0,30000.0,9000,0.23076923076923078,0,7800.0
YMM251113-00000028,SMF28240458,과즙폭발 꿀당도 보장 감귤 [유라실생],소과,5.0,1,34900.0,34900.0,0,0.0,0,6980.0
YMM251113-00000029,SMF14158451,[사전예약]고당도 타이벡감귤 2025년 첫 수확,일반,2.5,1,29000.0,29000.0,0,0.0,0,11600.0
YMM251113-00000030,SMF87846210,"2025 첫수확 노지감귤 가정용 3kg, 5kg",소과,10.0,1,35000.0,23000.0,12000,0.34285714285714286,0,3500.0
YMM251113-00000031,SMF28240458,과즙폭발 꿀당도 보장 감귤 [유라실생],소과,10.0,1,44900.0,44900.0,0,0.0,0,4490.0
YMM251113-00000032,SMF14158451,[사전예약]고당도 타이벡감귤 2025년 첫 수확,일반,2.5,1,29000.0,29000.0,0,0.0,0,11600.0
YMM251113-00000033,SMF87846210,"2025 첫수확 노지감귤 가정용 3kg, 5kg",소과,3.0,1,17000.0,8800.0,8200,0.4823529411764706,0,5666.666666666667
YMM251113-00000034,SMF14158451,[사전예약]고당도 타이벡감귤 2025년 첫 수확,일반,5.0,1,39000.0,30000.0,9000,0.23076923076923078,0,7800.0
YMM251113-00000037,SMF14158451,[사전예약]고당도 타이벡감귤 2025년 첫 수확,일반,2.5,1,29000.0,29000.0,0,0.0,0,11600.0
YMM251113-00000038,SMF87846210,"2025 첫수확 노지감귤 가정용 3kg, 5kg",소과,3.0,1,17000.0,8800.0,8200,0.4823529411764706,0,5666.666666666667
YMM251113-00000039,SMF87846210,"2025 첫수확 노지감귤 가정용 3kg, 5kg",소과,3.0,1,17000.0,8800.0,8200,0.4823529411764706,0,5666.666666666667
YMM251113-00000040,SMF14158451,[사전예약]고당도 타이벡감귤 2025년 첫 수확,일반,5.0,1,39000.0,30000.0,9000,0.23076923076923078,0,7800.0
YMM251113-00000041,SMF14158451,[사전예약]고당도 타이벡감귤 2025년 첫 수확,일반,2.5,1,29000.0,29000.0,0,0.0,0,11600.0
YMM251113-00000042,SMF14158451,[사전예약]고당도 타이벡감귤 2025년 첫 수확,일반,5.0,1,39000.0,30000.0,9000,0.23076923076923078,0,7800.0
YMM251113-00000045,SMF29718566,제주 산지직송 황금향 선물세트 가정용,중대과,2.5,1,39000.0,25000.0,14000,0.358974358974359,0,15600.0
YMM251113-00000046,SMF88753441,"해남 숙성꿀고구마, 베니하루카 3kg 5kg 10kg 한입 중 특상",일반,10.0,1,20900.0,16000.0,4900,0.23444976076555024,0,2090.0
YMM251113-00000047,SMF87846210,"2025 첫수확 노지감귤 가정용 3kg, 5kg",로얄과,5.0,1,24000.0,13300.0,10700,0.44583333333333336,0,4800.0
YMM251113-00000048,SMF88753441,"해남 숙성꿀고구마, 베니하루카 3kg 5kg 10kg 한입 중 특상",일반,3.0,1,10900.0,7000.0,3900,0.3577981651376147,0,3633.3333333333335
YMM251113-00000050,SMF14158451,[사전예약]고당도 타이벡감귤 2025년 첫 수확,일반,5.0,1,39000.0,30000.0,9000,0.23076923076923078,0,7800.0
YMM251113-00000051,SMF14158451,[사전예약]고당도 타이벡감귤 2025년 첫 수확,일반,2.5,1,29000.0,29000.0,0,0.0,0,11600.0
YMM251113-00000053,SMF14158451,[사전예약]고당도 타이벡감귤 2025년 첫 수확,일반,2.5,1,29000.0,29000.0,0,0.0,0,11600.0
YMM251113-00000054,SMF14158451,[사전예약]고당도 타이벡감귤 2025년 첫 수확,일반,2.5,1,29000.0,29000.0,0,0.0,0,11600.0
YMM251113-00000055,SMF14158451,[사전예약]고당도 타이벡감귤 2025년 첫 수확,일반,5.0,1,39000.0,30000.0,9000,0.23076923076923078,0,7800.0
YMM251113-00000056,SMF14158451,[사전예약]고당도 타이벡감귤 2025년 첫 수확,일반,5.0,1,39000.0,30000.0,9000,0.23076923076923078,0,7800.0
YMM251113-00000057,SMF14158451,[사전예약]고당도 타이벡감귤 2025년 첫 수확,일반,2.5,1,29000.0,29000.0,0,0.0,0,11600.0
YMM251113-00000058,SMF87846210,"2025 첫수확 노지감귤 가정용 3kg, 5kg",로얄과,5.0,1,24000.0,13300.0,10700,0.44583333333333336,0,4800.0
YMM251113-00000060,SMF88753441,"해남 꿀밤고구마, 베니하루카 품종 포슬포슬",일반,3.0,1,15900.0,12000.0,3900,0.24528301886792453,0,5300.0
YMM251113-00000061,SMF88753441,"해남 꿀밤고구마, 베니하루카 품종 포슬포슬",일반,3.0,1,15900.0,12000.0,3900,0.24528301886792453,0,5300.0
YMM251113-00000062,SMF87846210,"2025 첫수확 노지감귤 가정용 3kg, 5kg",소과,5.0,1,24000.0,13300.0,10700,0.44583333333333336,0,4800.0
YMM251113-00000063,SMF14158451,[사전예약]고당도 타이벡감귤 2025년 첫 수확,일반,2.5,1,29000.0,29000.0,0,0.0,0,11600.0
YMM251113-00000064,SMF14158451,[사전예약]고당도 타이벡감귤 2025년 첫 수확,일반,2.5,1,29000.0,29000.0,0,0.0,0,11600.0
YMM251113-00000066,SMF88753441,"해남 꿀밤고구마, 베니하루카 품종 포슬포슬",일반,10.0,1,20900.0,16000.0,4900,0.23444976076555024,0,2090.0
YMM251113-00000067,SMF28240458,과즙폭발 꿀당도 보장 감귤 [유라실생],소과,3.0,1,24900.0,24900.0,0,0.0,0,8300.0
YMM251113-00000068,SMF14158451,[사전예약]고당도 타이벡감귤 2025년 첫 수확,일반,2.5,1,29000.0,29000.0,0,0.0,0,11600.0
YMM251114-00000001,SMF14158451,[사전예약]고당도 타이벡감귤 2025년 첫 수확,일반,2.5,1,29000.0,29000.0,0,0.0,0,11600.0
YMM251114-00000002,SMF14158451,[사전예약]고당도 타이벡감귤 2025년 첫 수확,일반,2.5,1,29000.0,29000.0,0,0.0,0,11600.0
YMM251114-00000003,SMF14158451,[사전예약]고당도 타이벡감귤 2025년 첫 수확,일반,5.0,1,39000.0,30000.0,9000,0.23076923076923078,0,7800.0
YMM251114-00000005,SMF87846210,"2025 첫수확 노지감귤 가정용 3kg, 5kg",로얄과,5.0,1,24000.0,13300.0,10700,0.44583333333333336,0,4800.0
YMM251114-00000006,SMF14158451,[사전예약]고당도 타이벡감귤 2025년 첫 수확,일반,2.5,1,29000.0,29000.0,0,0.0,0,11600.0
YMM251114-00000007,SMF14158451,[사전예약]고당도 타이벡감귤 2025년 첫 수확,일반,2.5,1,29000.0,29000.0,0,0.0,0,11600.0
YMM251114-00000008,SMF87846210,"2025 첫수확 노지감귤 가정용 3kg, 5kg",소과,3.0,1,17000.0,8800.0,8200,0.4823529411764706,0,5666.666666666667
YMM251114-00000009,SMF14158451,[사전예약]고당도 타이벡감귤 2025년 첫 수확,일반,5.0,1,39000.0,30000.0,9000,0.23076923076923078,0,7800.0
YMM251114-00000010,SMF14158451,[사전예약]고당도 타이벡감귤 2025년 첫 수확,일반,5.0,1,39000.0,30000.0,9000,0.23076923076923078,0,7800.0
YMM251114-00000011,SMF14158451,[사전예약]고당도 타이벡감귤 2025년 첫 수확,일반,5.0,1,39000.0,30000.0,9000,0.23076923076923078,0,7800.0
YMM251114-00000012,SMF28240458,과즙폭발 꿀당도 보장 감귤 [유라실생],소과,10.0,1,44900.0,44900.0,0,0.0,0,4490.0
YMM251114-00000013,SMF14158451,[사전예약]고당도 타이벡감귤 2025년 첫 수확,일반,5.0,1,39000.0,30000.0,9000,0.23076923076923078,0,7800.0
YMM251114-00000014,SMF87846210,"2025 첫수확 노지감귤 가정용 3kg, 5kg",소과,3.0,1,17000.0,8800.0,8200,0.4823529411764706,0,5666.666666666667
YMM251114-00000016,SMF14158451,[사전예약]고당도 타이벡감귤 2025년 첫 수확,일반,5.0,1,39000.0,30000.0,9000,0.23076923076923078,0,7800.0
YMM251114-00000020,SMF14158451,[사전예약]고당도 타이벡감귤 2025년 첫 수확,일반,5.0,1,39000.0,30000.0,9000,0.23076923076923078,0,7800.0
YMM251114-00000021,SMF14158451,[사전예약]고당도 타이벡감귤 2025년 첫 수확,일반,5.0,1,39000.0,30000.0,9000,0.23076923076923078,0,7800.0
YMM251114-00000022,SMF14158451,[사전예약]고당도 타이벡감귤 2025년 첫 수확,일반,2.5,1,29000.0,29000.0,0,0.0,0,11600.0
YMM251114-00000023,SMF14158451,[사전예약]고당도 타이벡감귤 2025년 첫 수확,일반,5.0,1,39000.0,30000.0,9000,0.23076923076923078,0,7800.0
YMM251114-00000024,SMF28240458,과즙폭발 꿀당도 보장 감귤 [유라실생],소과,3.0,1,24900.0,24900.0,0,0.0,0,8300.0
YMM251114-00000026,SMF87846210,"2025 첫수확 노지감귤 가정용 3kg, 5kg",로얄과,5.0,1,24000.0,13300.0,10700,0.44583333333333336,0,4800.0
YMM251114-00000027,SMF87846210,"2025 첫수확 노지감귤 가정용 3kg, 5kg",소과,5.0,1,24000.0,13300.0,10700,0.44583333333333336,0,4800.0
YMM251114-00000028,SMF87846210,"2025 첫수확 노지감귤 가정용 3kg, 5kg",소과,3.0,1,17000.0,8800.0,8200,0.4823529411764706,0,5666.666666666667
YMM251114-00000029,SMF14158451,[사전예약]고당도 타이벡감귤 2025년 첫 수확,일반,5.0,1,39000.0,30000.0,9000,0.23076923076923078,0,7800.0
YMM251114-00000030,SMF14158451,[사전예약]고당도 타이벡감귤 2025년 첫 수확,일반,5.0,1,39000.0,30000.0,9000,0.23076923076923078,0,7800.0
YMM251114-00000031,SMF14158451,[사전예약]고당도 타이벡감귤 2025년 첫 수확,일반,5.0,1,39000.0,30000.0,9000,0.23076923076923078,0,7800.0
YMM251114-00000033,SMF29718566,제주 산지직송 황금향 선물세트 가정용,중대과,2.5,1,39000.0,25000.0,14000,0.358974358974359,0,15600.0
YMM251114-00000034,SMF14158451,[사전예약]고당도 타이벡감귤 2025년 첫 수확,일반,5.0,1,39000.0,30000.0,9000,0.23076923076923078,0,7800.0
YMM251114-00000035,SMF88753441,"해남 꿀밤고구마, 베니하루카 품종 포슬포슬",일반,3.0,1,15900.0,12000.0,3900,0.24528301886792453,0,5300.0
YMM251114-00000036,SMF14158451,[사전예약]고당도 타이벡감귤 2025년 첫 수확,일반,5.0,1,39000.0,30000.0,9000,0.23076923076923078,0,7800.0
YMM251114-00000037,SMF14158451,[사전예약]고당도 타이벡감귤 2025년 첫 수확,일반,5.0,1,39000.0,30000.0,9000,0.23076923076923078,0,7800.0
YMM251114-00000038,SMF14158451,[사전예약]고당도 타이벡감귤 2025년 첫 수확,일반,5.0,1,39000.0,30000.0,9000,0.23076923076923078,0,7800.0
YMM251114-00000039,SMF87846210,"2025 첫수확 노지감귤 가정용 3kg, 5kg",로얄과,3.0,1,17000.0,8800.0,8200,0.4823529411764706,0,5666.666666666667
YMM251114-00000040,SMF14158451,[사전예약]고당도 타이벡감귤 2025년 첫 수확,일반,5.0,1,39000.0,30000.0,9000,0.23076923076923078,0,7800.0
YMM251114-00000041,SMF87846210,"2025 첫수확 노지감귤 가정용 3kg, 5kg",로얄과,3.0,1,17000.0,8800.0,8200,0.4823529411764706,0,5666.666666666667
YMM251114-00000042,SMF14158451,[사전예약]고당도 타이벡감귤 2025년 첫 수확,일반,2.5,1,29000.0,29000.0,0,0.0,0,11600.0
YMM251114-00000045,SMF14158451,[사전예약]고당도 타이벡감귤 2025년 첫 수확,일반,5.0,1,39000.0,30000.0,9000,0.23076923076923078,0,7800.0
YMM251114-00000046,SMF14158451,[사전예약]고당도 타이벡감귤 2025년 첫 수확,일반,5.0,1,39000.0,30000.0,9000,0.23076923076923078,0,7800.0
YMM251114-00000047,SMF14158451,[사전예약]고당도 타이벡감귤 2025년 첫 수확,일반,2.5,1,29000.0,29000.0,0,0.0,0,11600.0
YMM251114-00000048,SMF14158451,[사전예약]고당도 타이벡감귤 2025년 첫 수확,일반,5.0,1,39000.0,30000.0,9000,0.23076923076923078,0,7800.0
YMM251114-00000049,SMF14158451,[사전예약]고당도 타이벡감귤 2025년 첫 수확,일반,5.0,1,39000.0,30000.0,9000,0.23076923076923078,0,7800.0
YMM251114-00000050,SMF14158451,[사전예약]고당도 타이벡감귤 2025년 첫 수확,일반,5.0,1,39000.0,30000.0,9000,0.23076923076923078,0,7800.0
YMM251114-00000051,SMF14158451,[사전예약]고당도 타이벡감귤 2025년 첫 수확,일반,2.5,1,29000.0,29000.0,0,0.0,0,11600.0
YMM251114-00000052,SMF14158451,[사전예약]고당도 타이벡감귤 2025년 첫 수확,일반,5.0,1,39000.0,30000.0,9000,0.23076923076923078,0,7800.0
YMM251114-00000053,SMF14158451,[사전예약]고당도 타이벡감귤 2025년 첫 수확,일반,5.0,1,39000.0,30000.0,9000,0.23076923076923078,0,7800.0
YMM251114-00000054,SMF14158451,[사전예약]고당도 타이벡감귤 2025년 첫 수확,일반,5.0,1,39000.0,30000.0,9000,0.23076923076923078,0,7800.0
YMM251114-00000055,SMF14158451,[사전예약]고당도 타이벡감귤 2025년 첫 수확,일반,5.0,1,39000.0,30000.0,9000,0.23076923076923078,0,7800.0
YMM251114-00000056,SMF14158451,[사전예약]고당도 타이벡감귤 2025년 첫 수확,일반,5.0,1,39000.0,30000.0,9000,0.23076923076923078,0,7800.0
YMM251114-00000057,SMF14158451,[사전예약]고당도 타이벡감귤 2025년 첫 수확,일반,5.0,1,39000.0,30000.0,9000,0.23076923076923078,0,7800.0
YMM251114-00000058,SMF14158451,[사전예약]고당도 타이벡감귤 2025년 첫 수확,일반,5.0,1,39000.0,30000.0,9000,0.23076923076923078,0,7800.0
YMM251114-00000059,SMF14158451,[사전예약]고당도 타이벡감귤 2025년 첫 수확,일반,5.0,1,39000.0,30000.0,9000,0.23076923076923078,0,7800.0
YMM251114-00000060,SMF14158451,[사전예약]고당도 타이벡감귤 2025년 첫 수확,일반,5.0,1,39000.0,30000.0,9000,0.23076923076923078,0,7800.0
YMM251114-00000061,SMF87846210,"2025 첫수확 노지감귤 가정용 3kg, 5kg",로얄과,5.0,1,24000.0,13300.0,10700,0.44583333333333336,0,4800.0
YMM251114-00000063,SMF14158451,[사전예약]고당도 타이벡감귤 2025년 첫 수확,일반,2.5,1,29000.0,29000.0,0,0.0,0,11600.0
YMM251114-00000064,SMF14158451,[사전예약]고당도 타이벡감귤 2025년 첫 수확,일반,2.5,1,29000.0,29000.0,0,0.0,0,11600.0
YMM251114-00000065,SMF14158451,[사전예약]고당도 타이벡감귤 2025년 첫 수확,일반,2.5,1,29000.0,29000.0,0,0.0,0,11600.0
YMM251114-00000066,SMF14158451,[사전예약]고당도 타이벡감귤 2025년 첫 수확,일반,5.0,1,39000.0,30000.0,9000,0.23076923076923078,0,7800.0
YMM251114-00000067,SMF87846210,"2025 첫수확 노지감귤 가정용 3kg, 5kg",소과,5.0,1,24000.0,13300.0,10700,0.44583333333333336,0,4800.0
YMM251114-00000068,SMF87846210,"2025 첫수확 노지감귤 가정용 3kg, 5kg",소과,5.0,1,24000.0,13300.0,10700,0.44583333333333336,0,4800.0
YMM251114-00000069,SMF14158451,[사전예약]고당도 타이벡감귤 2025년 첫 수확,일반,2.5,1,29000.0,29000.0,0,0.0,0,11600.0
YMM251114-00000071,SMF14158451,[사전예약]고당도 타이벡감귤 2025년 첫 수확,일반,2.5,1,29000.0,29000.0,0,0.0,0,11600.0
YMM251114-00000072,SMF28240458,과즙폭발 꿀당도 보장 감귤 [유라실생],소과,5.0,1,34900.0,34900.0,0,0.0,0,6980.0
YMM251114-00000073,SMF14158451,[사전예약]고당도 타이벡감귤 2025년 첫 수확,일반,2.5,1,29000.0,29000.0,0,0.0,0,11600.0
YMM251114-00000074,SMF14158451,[사전예약]고당도 타이벡감귤 2025년 첫 수확,일반,5.0,1,39000.0,30000.0,9000,0.23076923076923078,0,7800.0
YMM251114-00000075,SMF88753441,"해남 꿀밤고구마, 베니하루카 품종 포슬포슬",일반,5.0,1,13900.0,10000.0,3900,0.2805755395683453,0,2780.0
YMM251114-00000076,SMF14158451,[사전예약]고당도 타이벡감귤 2025년 첫 수확,일반,5.0,1,39000.0,30000.0,9000,0.23076923076923078,0,7800.0
YMM251114-00000077,SMF14158451,[사전예약]고당도 타이벡감귤 2025년 첫 수확,일반,5.0,1,39000.0,30000.0,9000,0.23076923076923078,0,7800.0
YMM251114-00000078,SMF14158451,[사전예약]고당도 타이벡감귤 2025년 첫 수확,일반,5.0,1,39000.0,30000.0,9000,0.23076923076923078,0,7800.0
YMM251114-00000079,SMF14158451,[사전예약]고당도 타이벡감귤 2025년 첫 수확,일반,5.0,1,39000.0,30000.0,9000,0.23076923076923078,0,7800.0
YMM251114-00000080,SMF14158451,[사전예약]고당도 타이벡감귤 2025년 첫 수확,일반,5.0,1,39000.0,30000.0,9000,0.23076923076923078,0,7800.0
YMM251114-00000081,SMF14158451,[사전예약]고당도 타이벡감귤 2025년 첫 수확,일반,2.5,1,29000.0,29000.0,0,0.0,0,11600.0
YMM251114-00000082,SMF14158451,[사전예약]고당도 타이벡감귤 2025년 첫 수확,일반,5.0,1,39000.0,30000.0,9000,0.23076923076923078,0,7800.0
YMM251114-00000083,SMF14158451,[사전예약]고당도 타이벡감귤 2025년 첫 수확,일반,2.5,1,29000.0,29000.0,0,0.0,0,11600.0
YMM251114-00000084,SMF14158451,[사전예약]고당도 타이벡감귤 2025년 첫 수확,일반,5.0,1,39000.0,30000.0,9000,0.23076923076923078,0,7800.0
YMM251114-00000085,SMF14158451,[사전예약]고당도 타이벡감귤 2025년 첫 수확,일반,2.5,1,29000.0,29000.0,0,0.0,0,11600.0
YMM251114-00000087,SMF14158451,[사전예약]고당도 타이벡감귤 2025년 첫 수확,일반,5.0,1,39000.0,30000.0,9000,0.23076923076923078,0,7800.0
YMM251114-00000088,SMF14158451,[사전예약]고당도 타이벡감귤 2025년 첫 수확,일반,5.0,1,39000.0,30000.0,9000,0.23076923076923078,0,7800.0
YMM251114-00000089,SMF87846210,"2025 첫수확 노지감귤 가정용 3kg, 5kg",소과,3.0,1,17000.0,8800.0,8200,0.4823529411764706,0,5666.666666666667
YMM251114-00000090,SMF14158451,[사전예약]고당도 타이벡감귤 2025년 첫 수확,일반,2.5,1,29000.0,29000.0,0,0.0,0,11600.0
YMM251114-00000091,SMF14158451,[사전예약]고당도 타이벡감귤 2025년 첫 수확,일반,2.5,1,29000.0,29000.0,0,0.0,0,11600.0
YMM251114-00000092,SMF14158451,[사전예약]고당도 타이벡감귤 2025년 첫 수확,일반,2.5,1,29000.0,29000.0,0,0.0,0,11600.0
YMM251114-00000093,SMF14158451,[사전예약]고당도 타이벡감귤 2025년 첫 수확,일반,5.0,1,39000.0,30000.0,9000,0.23076923076923078,0,7800.0
YMM251114-00000094,SMF14158451,[사전예약]고당도 타이벡감귤 2025년 첫 수확,일반,5.0,1,39000.0,30000.0,9000,0.23076923076923078,0,7800.0
YMM251114-00000097,SMF14158451,[사전예약]고당도 타이벡감귤 2025년 첫 수확,일반,5.0,1,39000.0,30000.0,9000,0.23076923076923078,0,7800.0
YMM251114-00000099,SMF87846210,"2025 첫수확 노지감귤 가정용 3kg, 5kg",로얄과,3.0,1,17000.0,8800.0,8200,0.4823529411764706,0,5666.666666666667
YMM251114-00000100,SMF14158451,[사전예약]고당도 타이벡감귤 2025년 첫 수확,일반,5.0,1,39000.0,30000.0,9000,0.23076923076923078,0,7800.0
YMM251114-00000101,SMF88753441,"해남 꿀밤고구마, 베니하루카 품종 포슬포슬",일반,3.0,1,10900.0,7000.0,3900,0.3577981651376147,0,3633.3333333333335
YMM251114-00000102,SMF87846210,"2025 첫수확 노지감귤 가정용 3kg, 5kg",소과,5.0,1,24000.0,13300.0,10700,0.44583333333333336,0,4800.0
YMM251114-00000103,SMF14158451,[사전예약]고당도 타이벡감귤 2025년 첫 수확,일반,5.0,1,39000.0,30000.0,9000,0.23076923076923078,0,7800.0
YMM251114-00000104,SMF14158451,[사전예약]고당도 타이벡감귤 2025년 첫 수확,일반,5.0,1,39000.0,30000.0,9000,0.23076923076923078,0,7800.0
YMM251114-00000106,SMF14158451,[사전예약]고당도 타이벡감귤 2025년 첫 수확,일반,5.0,1,39000.0,30000.0,9000,0.23076923076923078,0,7800.0
YMM251114-00000107,SMF14158451,[사전예약]고당도 타이벡감귤 2025년 첫 수확,일반,2.5,1,29000.0,29000.0,0,0.0,0,11600.0
YMM251114-00000108,SMF14158451,[사전예약]고당도 타이벡감귤 2025년 첫 수확,일반,2.5,1,29000.0,29000.0,0,0.0,0,11600.0
YMM251114-00000112,SMF14158451,[사전예약]고당도 타이벡감귤 2025년 첫 수확,일반,2.5,1,29000.0,29000.0,0,0.0,0,11600.0
YMM251114-00000115,SMF14158451,[사전예약]고당도 타이벡감귤 2025년 첫 수확,일반,5.0,1,39000.0,30000.0,9000,0.23076923076923078,0,7800.0
YMM251114-00000117,SMF14158451,[사전예약]고당도 타이벡감귤 2025년 첫 수확,일반,2.5,1,29000.0,29000.0,0,0.0,0,11600.0
YMM251114-00000118,SMF88753441,"해남 꿀밤고구마, 베니하루카 품종 포슬포슬",일반,10.0,1,20900.0,16000.0,4900,0.23444976076555024,0,2090.0
YMM251114-00000119,SMF14158451,[사전예약]고당도 타이벡감귤 2025년 첫 수확,일반,5.0,1,39000.0,30000.0,9000,0.23076923076923078,0,7800.0
YMM251114-00000121,SMF14158451,[사전예약]고당도 타이벡감귤 2025년 첫 수확,일반,2.5,1,29000.0,29000.0,0,0.0,0,11600.0
YMM251114-00000122,SMF14158451,[사전예약]고당도 타이벡감귤 2025년 첫 수확,일반,2.5,1,29000.0,29000.0,0,0.0,0,11600.0
YMM251114-00000123,SMF14158451,[사전예약]고당도 타이벡감귤 2025년 첫 수확,일반,5.0,1,39000.0,30000.0,9000,0.23076923076923078,0,7800.0
YMM251114-00000124,SMF14158451,[사전예약]고당도 타이벡감귤 2025년 첫 수확,일반,2.5,1,29000.0,29000.0,0,0.0,0,11600.0
YMM251114-00000125,SMF14158451,[사전예약]고당도 타이벡감귤 2025년 첫 수확,일반,2.5,2,34000.0,29500.0,9000,0.1323529411764706,0,27200.0
YMM251114-00000126,SMF88753441,"해남 꿀밤고구마, 베니하루카 품종 포슬포슬",일반,5.0,2,18900.0,14500.0,8800,0.2328042328042328,0,7560.0
YMM251114-00000127,SMF14158451,[사전예약]고당도 타이벡감귤 2025년 첫 수확,일반,2.5,1,29000.0,29000.0,0,0.0,0,11600.0
YMM251114-00000128,SMF14158451,[사전예약]고당도 타이벡감귤 2025년 첫 수확,일반,2.5,1,29000.0,29000.0,0,0.0,0,11600.0
YMM251114-00000129,SMF14158451,[사전예약]고당도 타이벡감귤 2025년 첫 수확,일반,2.5,1,29000.0,29000.0,0,0.0,0,11600.0
YMM251114-00000130,SMF88753441,"해남 꿀밤고구마, 베니하루카 품종 포슬포슬",일반,3.0,1,15900.0,12000.0,3900,0.24528301886792453,0,5300.0
YMM251114-00000131,SMF14158451,[사전예약]고당도 타이벡감귤 2025년 첫 수확,일반,5.0,1,39000.0,30000.0,9000,0.23076923076923078,0,7800.0
YMM251114-00000132,SMF14158451,[사전예약]고당도 타이벡감귤 2025년 첫 수확,일반,2.5,1,29000.0,29000.0,0,0.0,0,11600.0
YMM251114-00000133,SMF88753441,"해남 꿀밤고구마, 베니하루카 품종 포슬포슬",일반,5.0,1,21900.0,17000.0,4900,0.2237442922374429,0,4380.0
YMM251114-00000134,SMF14158451,[사전예약]고당도 타이벡감귤 2025년 첫 수확,일반,5.0,1,39000.0,30000.0,9000,0.23076923076923078,0,7800.0
YMM251114-00000135,SMF14158451,[사전예약]고당도 타이벡감귤 2025년 첫 수확,일반,5.0,1,39000.0,30000.0,9000,0.23076923076923078,0,7800.0
YMM251114-00000136,SMF14158451,[사전예약]고당도 타이벡감귤 2025년 첫 수확,일반,2.5,1,29000.0,29000.0,0,0.0,0,11600.0
YMM251114-00000138,SMF14158451,[사전예약]고당도 타이벡감귤 2025년 첫 수확,일반,2.5,3,29000.0,29000.0,0,0.0,0,34800.0
YMM251114-00000139,SMF14158451,[사전예약]고당도 타이벡감귤 2025년 첫 수확,일반,2.5,1,29000.0,29000.0,0,0.0,0,11600.0
YMM251114-00000140,SMF14158451,[사전예약]고당도 타이벡감귤 2025년 첫 수확,일반,5.0,1,39000.0,30000.0,9000,0.23076923076923078,0,7800.0
YMM251114-00000141,SMF14158451,[사전예약]고당도 타이벡감귤 2025년 첫 수확,일반,2.5,1,29000.0,29000.0,0,0.0,0,11600.0
YMM251114-00000142,SMF14158451,[사전예약]고당도 타이벡감귤 2025년 첫 수확,일반,2.5,1,29000.0,29000.0,0,0.0,0,11600.0
YMM251114-00000143,SMF14158451,[사전예약]고당도 타이벡감귤 2025년 첫 수확,일반,5.0,1,39000.0,30000.0,9000,0.23076923076923078,0,7800.0
YMM251114-00000144,SMF14158451,[사전예약]고당도 타이벡감귤 2025년 첫 수확,일반,5.0,1,39000.0,30000.0,9000,0.23076923076923078,0,7800.0
YMM251114-00000145,SMF14158451,[사전예약]고당도 타이벡감귤 2025년 첫 수확,일반,5.0,1,39000.0,30000.0,9000,0.23076923076923078,0,7800.0
YMM251114-00000146,SMF14158451,[사전예약]고당도 타이벡감귤 2025년 첫 수확,일반,5.0,1,39000.0,30000.0,9000,0.23076923076923078,0,7800.0
YMM251114-00000147,SMF14158451,[사전예약]고당도 타이벡감귤 2025년 첫 수확,일반,5.0,1,39000.0,30000.0,9000,0.23076923076923078,0,7800.0
YMM251114-00000148,SMF14158451,[사전예약]고당도 타이벡감귤 2025년 첫 수확,일반,2.5,1,29000.0,29000.0,0,0.0,0,11600.0
YMM251114-00000149,SMF14158451,[사전예약]고당도 타이벡감귤 2025년 첫 수확,일반,5.0,1,39000.0,30000.0,9000,0.23076923076923078,0,7800.0
YMM251114-00000150,SMF14158451,[사전예약]고당도 타이벡감귤 2025년 첫 수확,일반,2.5,1,29000.0,29000.0,0,0.0,0,11600.0
YMM251114-00000151,SMF28240458,과즙폭발 꿀당도 보장 감귤 [유라실생],소과,3.0,1,24900.0,24900.0,0,0.0,0,8300.0
YMM251115-00000001,SMF14158451,[사전예약]고당도 타이벡감귤 2025년 첫 수확,일반,5.0,1,39000.0,30000.0,9000,0.23076923076923078,0,7800.0
YMM251115-00000003,SMF14158451,[사전예약]고당도 타이벡감귤 2025년 첫 수확,일반,5.0,1,39000.0,30000.0,9000,0.23076923076923078,0,7800.0
YMM251115-00000005,SMF14158451,[사전예약]고당도 타이벡감귤 2025년 첫 수확,일반,5.0,1,39000.0,30000.0,9000,0.23076923076923078,0,7800.0
YMM251115-00000006,SMF14158451,[사전예약]고당도 타이벡감귤 2025년 첫 수확,일반,2.5,1,29000.0,29000.0,0,0.0,0,11600.0
YMM251115-00000007,SMF14158451,[사전예약]고당도 타이벡감귤 2025년 첫 수확,일반,5.0,1,39000.0,30000.0,9000,0.23076923076923078,0,7800.0
YMM251115-00000008,SMF87846210,"2025 첫수확 노지감귤 가정용 3kg, 5kg",로얄과,3.0,1,17000.0,8800.0,8200,0.4823529411764706,0,5666.666666666667
YMM251115-00000011,SMF87846210,"2025 첫수확 노지감귤 가정용 3kg, 5kg",소과,5.0,1,24000.0,13300.0,10700,0.44583333333333336,0,4800.0
YMM251115-00000012,SMF14158451,[사전예약]고당도 타이벡감귤 2025년 첫 수확,일반,5.0,1,39000.0,30000.0,9000,0.23076923076923078,0,7800.0
YMM251115-00000013,SMF14158451,[사전예약]고당도 타이벡감귤 2025년 첫 수확,일반,5.0,1,39000.0,30000.0,9000,0.23076923076923078,0,7800.0
YMM251115-00000014,SMF28240458,과즙폭발 꿀당도 보장 감귤 [유라실생],소과,3.0,1,24900.0,24900.0,0,0.0,0,8300.0
YMM251115-00000015,SMF14158451,[사전예약]고당도 타이벡감귤 2025년 첫 수확,일반,2.5,1,29000.0,29000.0,0,0.0,0,11600.0
YMM251115-00000017,SMF14158451,[사전예약]고당도 타이벡감귤 2025년 첫 수확,일반,5.0,1,39000.0,30000.0,9000,0.23076923076923078,0,7800.0
YMM251115-00000018,SMF87846210,"2025 첫수확 노지감귤 가정용 3kg, 5kg",로얄과,10.0,1,35000.0,23000.0,12000,0.34285714285714286,0,3500.0
YMM251115-00000019,SMF87846210,"2025 첫수확 노지감귤 가정용 3kg, 5kg",로얄과,10.0,1,35000.0,23000.0,12000,0.34285714285714286,0,3500.0
YMM251115-00000020,SMF14158451,[사전예약]고당도 타이벡감귤 2025년 첫 수확,일반,2.5,1,29000.0,29000.0,0,0.0,0,11600.0
YMM251115-00000023,SMF14158451,[사전예약]고당도 타이벡감귤 2025년 첫 수확,일반,5.0,1,39000.0,30000.0,9000,0.23076923076923078,0,7800.0
YMM251115-00000024,SMF14158451,[사전예약]고당도 타이벡감귤 2025년 첫 수확,일반,2.5,1,29000.0,29000.0,0,0.0,0,11600.0
YMM251115-00000025,SMF87846210,"2025 첫수확 노지감귤 가정용 3kg, 5kg",소과,3.0,1,17000.0,8800.0,8200,0.4823529411764706,0,5666.666666666667
YMM251115-00000026,SMF88753441,"해남 꿀밤고구마, 베니하루카 품종 포슬포슬",일반,10.0,1,32900.0,27000.0,5900,0.17933130699088146,0,3290.0
YMM251115-00000027,SMF14158451,[사전예약]고당도 타이벡감귤 2025년 첫 수확,일반,5.0,1,39000.0,30000.0,9000,0.23076923076923078,0,7800.0
YMM251115-00000030,SMF14158451,[사전예약]고당도 타이벡감귤 2025년 첫 수확,일반,2.5,1,29000.0,29000.0,0,0.0,0,11600.0
YMM251115-00000031,SMF87846210,"2025 첫수확 노지감귤 가정용 3kg, 5kg",소과,5.0,1,24000.0,13300.0,10700,0.44583333333333336,0,4800.0
YMM251115-00000032,SMF14158451,[사전예약]고당도 타이벡감귤 2025년 첫 수확,일반,5.0,1,39000.0,30000.0,9000,0.23076923076923078,0,7800.0
YMM251115-00000033,SMF14158451,[사전예약]고당도 타이벡감귤 2025년 첫 수확,일반,2.5,1,29000.0,29000.0,0,0.0,0,11600.0
YMM251115-00000034,SMF14158451,[사전예약]고당도 타이벡감귤 2025년 첫 수확,일반,5.0,1,39000.0,30000.0,9000,0.23076923076923078,0,7800.0
YMM251115-00000035,SMF14158451,[사전예약]고당도 타이벡감귤 2025년 첫 수확,일반,2.5,1,29000.0,29000.0,0,0.0,0,11600.0
YMM251115-00000037,SMF28240458,과즙폭발 꿀당도 보장 감귤 [유라실생],소과,3.0,1,24900.0,24900.0,0,0.0,0,8300.0
YMM251115-00000038,SMF87846210,"2025 첫수확 노지감귤 가정용 3kg, 5kg",소과,3.0,1,17000.0,8800.0,8200,0.4823529411764706,0,5666.666666666667
YMM251115-00000039,SMF28240458,과즙폭발 꿀당도 보장 감귤 [유라실생],소과,5.0,1,34900.0,34900.0,0,0.0,0,6980.0
YMM251115-00000041,SMF14158451,[사전예약]고당도 타이벡감귤 2025년 첫 수확,일반,5.0,1,39000.0,30000.0,9000,0.23076923076923078,0,7800.0
YMM251115-00000042,SMF14158451,[사전예약]고당도 타이벡감귤 2025년 첫 수확,일반,5.0,1,39000.0,30000.0,9000,0.23076923076923078,0,7800.0
YMM251115-00000043,SMF14158451,[사전예약]고당도 타이벡감귤 2025년 첫 수확,일반,5.0,1,39000.0,30000.0,9000,0.23076923076923078,0,7800.0
YMM251115-00000044,SMF14158451,[사전예약]고당도 타이벡감귤 2025년 첫 수확,일반,2.5,1,29000.0,29000.0,0,0.0,0,11600.0
YMM251115-00000045,SMF14158451,[사전예약]고당도 타이벡감귤 2025년 첫 수확,일반,2.5,1,29000.0,29000.0,0,0.0,0,11600.0
YMM251115-00000046,SMF14158451,[사전예약]고당도 타이벡감귤 2025년 첫 수확,일반,5.0,1,39000.0,30000.0,9000,0.23076923076923078,0,7800.0
YMM251115-00000047,SMF14158451,[사전예약]고당도 타이벡감귤 2025년 첫 수확,일반,5.0,1,39000.0,30000.0,9000,0.23076923076923078,0,7800.0
YMM251115-00000048,SMF14158451,[사전예약]고당도 타이벡감귤 2025년 첫 수확,일반,2.5,1,29000.0,29000.0,0,0.0,0,11600.0
YMM251115-00000049,SMF14158451,[사전예약]고당도 타이벡감귤 2025년 첫 수확,일반,5.0,1,39000.0,30000.0,9000,0.23076923076923078,0,7800.0
YMM251115-00000050,SMF14158451,[사전예약]고당도 타이벡감귤 2025년 첫 수확,일반,5.0,1,39000.0,30000.0,9000,0.23076923076923078,0,7800.0
YMM251115-00000053,SMF14158451,[사전예약]고당도 타이벡감귤 2025년 첫 수확,일반,2.5,1,29000.0,29000.0,0,0.0,0,11600.0
YMM251115-00000054,SMF14158451,[사전예약]고당도 타이벡감귤 2025년 첫 수확,일반,2.5,1,29000.0,29000.0,0,0.0,0,11600.0
YMM251115-00000055,SMF88753441,"해남 꿀밤고구마, 베니하루카 품종 포슬포슬",일반,3.0,1,15900.0,12000.0,3900,0.24528301886792453,0,5300.0
YMM251115-00000056,SMF14158451,[사전예약]고당도 타이벡감귤 2025년 첫 수확,일반,5.0,1,39000.0,30000.0,9000,0.23076923076923078,0,7800.0
YMM251115-00000057,SMF14158451,[사전예약]고당도 타이벡감귤 2025년 첫 수확,일반,5.0,1,39000.0,30000.0,9000,0.23076923076923078,0,7800.0
YMM251115-00000058,SMF87846210,"2025 첫수확 노지감귤 가정용 3kg, 5kg",로얄과,5.0,1,24000.0,13300.0,10700,0.44583333333333336,0,4800.0
YMM251115-00000059,SMF87846210,"2025 첫수확 노지감귤 가정용 3kg, 5kg",로얄과,5.0,1,24000.0,13300.0,10700,0.44583333333333336,0,4800.0
YMM251115-00000060,SMF87846210,"2025 첫수확 노지감귤 가정용 3kg, 5kg",로얄과,5.0,1,24000.0,13300.0,10700,0.44583333333333336,0,4800.0
YMM251115-00000061,SMF87846210,"2025 첫수확 노지감귤 가정용 3kg, 5kg",로얄과,5.0,1,24000.0,13300.0,10700,0.44583333333333336,0,4800.0
YMM251115-00000062,SMF28240458,과즙폭발 꿀당도 보장 감귤 [유라실생],소과,3.0,1,24900.0,24900.0,0,0.0,0,8300.0
YMM251116-00000002,SMF14158451,[사전예약]고당도 타이벡감귤 2025년 첫 수확,일반,5.0,1,39000.0,30000.0,9000,0.23076923076923078,0,7800.0
YMM251116-00000003,SMF87846210,"2025 첫수확 노지감귤 가정용 3kg, 5kg",로얄과,5.0,1,24000.0,13300.0,10700,0.44583333333333336,0,4800.0
YMM251116-00000004,SMF87846210,"2025 첫수확 노지감귤 가정용 3kg, 5kg",로얄과,5.0,1,24000.0,13300.0,10700,0.44583333333333336,0,4800.0
YMM251116-00000005,SMF87846210,"2025 첫수확 노지감귤 가정용 3kg, 5kg",로얄과,5.0,2,24000.0,13300.0,21400,0.44583333333333336,0,9600.0
YMM251116-00000006,SMF14158451,[사전예약]고당도 타이벡감귤 2025년 첫 수확,일반,2.5,1,29000.0,29000.0,0,0.0,0,11600.0
YMM251116-00000007,SMF14158451,[사전예약]고당도 타이벡감귤 2025년 첫 수확,일반,2.5,1,29000.0,29000.0,0,0.0,0,11600.0
YMM251116-00000008,SMF14158451,[사전예약]고당도 타이벡감귤 2025년 첫 수확,일반,5.0,3,39000.0,30000.0,27000,0.23076923076923078,0,23400.0
YMM251116-00000010,SMF14158451,[사전예약]고당도 타이벡감귤 2025년 첫 수확,일반,2.5,1,29000.0,29000.0,0,0.0,0,11600.0
YMM251116-00000011,SMF88753441,"해남 꿀밤고구마, 베니하루카 품종 포슬포슬",일반,5.0,1,19900.0,15000.0,4900,0.24623115577889448,0,3980.0
YMM251116-00000013,SMF87846210,"2025 첫수확 노지감귤 가정용 3kg, 5kg",소과,10.0,1,35000.0,23000.0,12000,0.34285714285714286,0,3500.0
YMM251116-00000014,SMF88753441,"해남 꿀밤고구마, 베니하루카 품종 포슬포슬",일반,5.0,1,14900.0,11000.0,3900,0.26174496644295303,0,2980.0
YMM251116-00000016,SMF14158451,[사전예약]고당도 타이벡감귤 2025년 첫 수확,일반,2.5,1,29000.0,29000.0,0,0.0,0,11600.0
YMM251116-00000017,SMF14158451,[사전예약]고당도 타이벡감귤 2025년 첫 수확,일반,5.0,1,39000.0,30000.0,9000,0.23076923076923078,0,7800.0
YMM251116-00000018,SMF14158451,[사전예약]고당도 타이벡감귤 2025년 첫 수확,일반,2.5,1,29000.0,29000.0,0,0.0,0,11600.0
YMM251116-00000019,SMF14158451,[사전예약]고당도 타이벡감귤 2025년 첫 수확,일반,5.0,1,39000.0,30000.0,9000,0.23076923076923078,0,7800.0
YMM251116-00000020,SMF14158451,[사전예약]고당도 타이벡감귤 2025년 첫 수확,일반,5.0,1,39000.0,30000.0,9000,0.23076923076923078,0,7800.0
YMM251116-00000022,SMF87846210,"2025 첫수확 노지감귤 가정용 3kg, 5kg",소과,5.0,1,24000.0,13300.0,10700,0.44583333333333336,0,4800.0
YMM251116-00000027,SMF88753441,"해남 꿀밤고구마, 베니하루카 품종 포슬포슬",일반,5.0,1,20900.0,16000.0,4900,0.23444976076555024,0,4180.0
YMM251116-00000029,SMF28240458,과즙폭발 꿀당도 보장 감귤 [유라실생],소과,3.0,1,24900.0,24900.0,0,0.0,0,8300.0
YMM251116-00000030,SMF14158451,[사전예약]고당도 타이벡감귤 2025년 첫 수확,일반,2.5,1,29000.0,29000.0,0,0.0,0,11600.0
YMM251116-00000031,SMF14158451,[사전예약]고당도 타이벡감귤 2025년 첫 수확,일반,5.0,1,39000.0,30000.0,9000,0.23076923076923078,0,7800.0
YMM251116-00000032,SMF14158451,[사전예약]고당도 타이벡감귤 2025년 첫 수확,일반,5.0,1,39000.0,30000.0,9000,0.23076923076923078,0,7800.0
YMM251116-00000033,SMF14158451,[사전예약]고당도 타이벡감귤 2025년 첫 수확,일반,5.0,1,39000.0,30000.0,9000,0.23076923076923078,0,7800.0
YMM251116-00000034,SMF14158451,[사전예약]고당도 타이벡감귤 2025년 첫 수확,일반,2.5,1,29000.0,29000.0,0,0.0,0,11600.0
YMM251116-00000035,SMF88753441,"해남 꿀밤고구마, 베니하루카 품종 포슬포슬",일반,10.0,1,32900.0,27000.0,5900,0.17933130699088146,0,3290.0
YMM251116-00000036,SMF14158451,[사전예약]고당도 타이벡감귤 2025년 첫 수확,일반,2.5,1,29000.0,29000.0,0,0.0,0,11600.0
YMM251116-00000038,SMF14158451,[사전예약]고당도 타이벡감귤 2025년 첫 수확,일반,2.5,1,29000.0,29000.0,0,0.0,0,11600.0
YMM251116-00000040,SMF14158451,[사전예약]고당도 타이벡감귤 2025년 첫 수확,일반,5.0,1,39000.0,30000.0,9000,0.23076923076923078,0,7800.0
YMM251116-00000041,SMF14158451,[사전예약]고당도 타이벡감귤 2025년 첫 수확,일반,5.0,1,39000.0,30000.0,9000,0.23076923076923078,0,7800.0
YMM251116-00000042,SMF87846210,"2025 첫수확 노지감귤 가정용 3kg, 5kg",소과,3.0,1,17000.0,8800.0,8200,0.4823529411764706,0,5666.666666666667
YMM251116-00000046,SMF14158451,[사전예약]고당도 타이벡감귤 2025년 첫 수확,일반,2.5,1,29000.0,29000.0,0,0.0,0,11600.0
YMM251116-00000047,SMF14158451,[사전예약]고당도 타이벡감귤 2025년 첫 수확,일반,5.0,1,39000.0,30000.0,9000,0.23076923076923078,0,7800.0
YMM251116-00000048,SMF88753441,"해남 꿀밤고구마, 베니하루카 품종 포슬포슬",일반,3.0,1,14900.0,11000.0,3900,0.26174496644295303,0,4966.666666666667
YMM251116-00000049,SMF87846210,"2025 첫수확 노지감귤 가정용 3kg, 5kg",소과,3.0,1,17000.0,8800.0,8200,0.4823529411764706,0,5666.666666666667
YMM251116-00000050,SMF29718566,제주 산지직송 황금향 선물세트 가정용,중대과,2.5,1,39000.0,25000.0,14000,0.358974358974359,0,15600.0
YMM251116-00000051,SMF14158451,[사전예약]고당도 타이벡감귤 2025년 첫 수확,일반,5.0,1,39000.0,30000.0,9000,0.23076923076923078,0,7800.0
YMM251116-00000052,SMF87846210,"2025 첫수확 노지감귤 가정용 3kg, 5kg",소과,5.0,1,24000.0,13300.0,10700,0.44583333333333336,0,4800.0
YMM251116-00000053,SMF14158451,[사전예약]고당도 타이벡감귤 2025년 첫 수확,일반,2.5,1,29000.0,29000.0,0,0.0,0,11600.0
YMM251116-00000055,SMF14158451,[사전예약]고당도 타이벡감귤 2025년 첫 수확,일반,5.0,1,39000.0,30000.0,9000,0.23076923076923078,0,7800.0
YMM251116-00000056,SMF14158451,[사전예약]고당도 타이벡감귤 2025년 첫 수확,일반,2.5,1,29000.0,29000.0,0,0.0,0,11600.0
YMM251116-00000057,SMF14158451,[사전예약]고당도 타이벡감귤 2025년 첫 수확,일반,2.5,1,29000.0,29000.0,0,0.0,0,11600.0
YMM251116-00000058,SMF14158451,[사전예약]고당도 타이벡감귤 2025년 첫 수확,일반,2.5,1,29000.0,29000.0,0,0.0,0,11600.0
YMM251116-00000059,SMF14158451,[사전예약]고당도 타이벡감귤 2025년 첫 수확,일반,2.5,1,29000.0,29000.0,0,0.0,0,11600.0
YMM251116-00000060,SMF14158451,[사전예약]고당도 타이벡감귤 2025년 첫 수확,일반,5.0,1,39000.0,30000.0,9000,0.23076923076923078,0,7800.0
YMM251116-00000061,SMF87846210,"2025 첫수확 노지감귤 가정용 3kg, 5kg",로얄과,3.0,1,17000.0,8800.0,8200,0.4823529411764706,0,5666.666666666667
YMM251116-00000062,SMF14158451,[사전예약]고당도 타이벡감귤 2025년 첫 수확,일반,2.5,1,29000.0,29000.0,0,0.0,0,11600.0
YMM251116-00000063,SMF88753441,"해남 꿀밤고구마, 베니하루카 품종 포슬포슬",일반,3.0,1,15900.0,12000.0,3900,0.24528301886792453,0,5300.0
YMM251116-00000065,SMF14158451,[사전예약]고당도 타이벡감귤 2025년 첫 수확,일반,5.0,1,39000.0,30000.0,9000,0.23076923076923078,0,7800.0
YMM251116-00000066,SMF14158451,[사전예약]고당도 타이벡감귤 2025년 첫 수확,일반,2.5,1,29000.0,29000.0,0,0.0,0,11600.0
YMM251116-00000067,SMF14158451,[사전예약]고당도 타이벡감귤 2025년 첫 수확,일반,5.0,1,39000.0,30000.0,9000,0.23076923076923078,0,7800.0
YMM251116-00000069,SMF14158451,[사전예약]고당도 타이벡감귤 2025년 첫 수확,일반,5.0,1,39000.0,30000.0,9000,0.23076923076923078,0,7800.0
YMM251116-00000070,SMF88753441,"해남 꿀밤고구마, 베니하루카 품종 포슬포슬",일반,10.0,1,20900.0,16000.0,4900,0.23444976076555024,0,2090.0
YMM251116-00000071,SMF14158451,[사전예약]고당도 타이벡감귤 2025년 첫 수확,일반,5.0,1,39000.0,30000.0,9000,0.23076923076923078,0,7800.0
YMM251116-00000072,SMF28240458,과즙폭발 꿀당도 보장 감귤 [유라실생],소과,10.0,1,44900.0,44900.0,0,0.0,0,4490.0
YMM251116-00000073,SMF87846210,"2025 첫수확 노지감귤 가정용 3kg, 5kg",소과,3.0,1,17000.0,8800.0,8200,0.4823529411764706,0,5666.666666666667
YMM251117-00000001,SMF14158451,[사전예약]고당도 타이벡감귤 2025년 첫 수확,일반,2.5,1,29000.0,29000.0,0,0.0,0,11600.0
YMM251117-00000003,SMF14158451,[사전예약]고당도 타이벡감귤 2025년 첫 수확,일반,5.0,1,39000.0,30000.0,9000,0.23076923076923078,0,7800.0
YMM251117-00000004,SMF14158451,[사전예약]고당도 타이벡감귤 2025년 첫 수확,일반,5.0,1,39000.0,30000.0,9000,0.23076923076923078,0,7800.0
YMM251117-00000006,SMF14158451,[사전예약]고당도 타이벡감귤 2025년 첫 수확,일반,2.5,1,29000.0,29000.0,0,0.0,0,11600.0
YMM251117-00000007,SMF14158451,[사전예약]고당도 타이벡감귤 2025년 첫 수확,일반,5.0,1,39000.0,30000.0,9000,0.23076923076923078,0,7800.0
YMM251117-00000008,SMF14158451,[사전예약]고당도 타이벡감귤 2025년 첫 수확,일반,2.5,1,29000.0,29000.0,0,0.0,0,11600.0
YMM251117-00000009,SMF14158451,[사전예약]고당도 타이벡감귤 2025년 첫 수확,일반,5.0,1,39000.0,30000.0,9000,0.23076923076923078,0,7800.0
YMM251117-00000010,SMF14158451,[사전예약]고당도 타이벡감귤 2025년 첫 수확,일반,5.0,1,39000.0,30000.0,9000,0.23076923076923078,0,7800.0
YMM251117-00000012,SMF14158451,[사전예약]고당도 타이벡감귤 2025년 첫 수확,일반,2.5,1,29000.0,29000.0,0,0.0,0,11600.0
YMM251117-00000013,SMF14158451,[사전예약]고당도 타이벡감귤 2025년 첫 수확,일반,5.0,1,39000.0,30000.0,9000,0.23076923076923078,0,7800.0
YMM251117-00000014,SMF14158451,[사전예약]고당도 타이벡감귤 2025년 첫 수확,일반,5.0,1,39000.0,30000.0,9000,0.23076923076923078,0,7800.0
YMM251117-00000015,SMF88753441,"해남 꿀밤고구마, 베니하루카 품종 포슬포슬",일반,5.0,1,14900.0,11000.0,3900,0.26174496644295303,0,2980.0
YMM251117-00000016,SMF14158451,[사전예약]고당도 타이벡감귤 2025년 첫 수확,일반,2.5,1,29000.0,29000.0,0,0.0,0,11600.0
YMM251117-00000017,SMF14158451,[사전예약]고당도 타이벡감귤 2025년 첫 수확,일반,5.0,1,39000.0,30000.0,9000,0.23076923076923078,0,7800.0
YMM251117-00000018,SMF14158451,[사전예약]고당도 타이벡감귤 2025년 첫 수확,일반,5.0,1,39000.0,30000.0,9000,0.23076923076923078,0,7800.0
YMM251117-00000019,SMF14158451,[사전예약]고당도 타이벡감귤 2025년 첫 수확,일반,2.5,1,29000.0,29000.0,0,0.0,0,11600.0
YMM251117-00000020,SMF14158451,[사전예약]고당도 타이벡감귤 2025년 첫 수확,일반,5.0,1,39000.0,30000.0,9000,0.23076923076923078,0,7800.0
YMM251117-00000021,SMF14158451,[사전예약]고당도 타이벡감귤 2025년 첫 수확,일반,5.0,1,39000.0,30000.0,9000,0.23076923076923078,0,7800.0
YMM251117-00000022,SMF14158451,[사전예약]고당도 타이벡감귤 2025년 첫 수확,일반,5.0,1,39000.0,30000.0,9000,0.23076923076923078,0,7800.0
YMM251117-00000023,SMF14158451,[사전예약]고당도 타이벡감귤 2025년 첫 수확,일반,5.0,1,39000.0,30000.0,9000,0.23076923076923078,0,7800.0
YMM251117-00000024,SMF14158451,[사전예약]고당도 타이벡감귤 2025년 첫 수확,일반,5.0,1,39000.0,30000.0,9000,0.23076923076923078,0,7800.0
YMM251117-00000025,SMF14158451,[사전예약]고당도 타이벡감귤 2025년 첫 수확,일반,5.0,1,39000.0,30000.0,9000,0.23076923076923078,0,7800.0
YMM251117-00000026,SMF14158451,[사전예약]고당도 타이벡감귤 2025년 첫 수확,일반,5.0,1,39000.0,30000.0,9000,0.23076923076923078,0,7800.0
YMM251117-00000027,SMF14158451,[사전예약]고당도 타이벡감귤 2025년 첫 수확,일반,2.5,1,29000.0,29000.0,0,0.0,0,11600.0
YMM251117-00000028,SMF14158451,[사전예약]고당도 타이벡감귤 2025년 첫 수확,일반,5.0,1,39000.0,30000.0,9000,0.23076923076923078,0,7800.0
YMM251117-00000029,SMF14158451,[사전예약]고당도 타이벡감귤 2025년 첫 수확,일반,5.0,1,39000.0,30000.0,9000,0.23076923076923078,0,7800.0
YMM251117-00000030,SMF14158451,[사전예약]고당도 타이벡감귤 2025년 첫 수확,일반,5.0,1,39000.0,30000.0,9000,0.23076923076923078,0,7800.0
YMM251117-00000031,SMF14158451,[사전예약]고당도 타이벡감귤 2025년 첫 수확,일반,2.5,1,29000.0,29000.0,0,0.0,0,11600.0
YMM251117-00000032,SMF14158451,[사전예약]고당도 타이벡감귤 2025년 첫 수확,일반,5.0,1,39000.0,30000.0,9000,0.23076923076923078,0,7800.0
YMM251117-00000033,SMF14158451,[사전예약]고당도 타이벡감귤 2025년 첫 수확,일반,5.0,1,39000.0,30000.0,9000,0.23076923076923078,0,7800.0
YMM251117-00000034,SMF14158451,[사전예약]고당도 타이벡감귤 2025년 첫 수확,일반,5.0,1,39000.0,30000.0,9000,0.23076923076923078,0,7800.0
YMM251117-00000035,SMF14158451,[사전예약]고당도 타이벡감귤 2025년 첫 수확,일반,5.0,1,39000.0,30000.0,9000,0.23076923076923078,0,7800.0
YMM251117-00000036,SMF14158451,[사전예약]고당도 타이벡감귤 2025년 첫 수확,일반,5.0,1,39000.0,30000.0,9000,0.23076923076923078,0,7800.0
YMM251117-00000038,SMF14158451,[사전예약]고당도 타이벡감귤 2025년 첫 수확,일반,5.0,1,39000.0,30000.0,9000,0.23076923076923078,0,7800.0
YMM251117-00000039,SMF14158451,[사전예약]고당도 타이벡감귤 2025년 첫 수확,일반,5.0,1,39000.0,30000.0,9000,0.23076923076923078,0,7800.0
YMM251117-00000040,SMF14158451,[사전예약]고당도 타이벡감귤 2025년 첫 수확,일반,2.5,1,29000.0,29000.0,0,0.0,0,11600.0
YMM251117-00000041,SMF14158451,[사전예약]고당도 타이벡감귤 2025년 첫 수확,일반,2.5,1,29000.0,29000.0,0,0.0,0,11600.0
YMM251117-00000042,SMF14158451,[사전예약]고당도 타이벡감귤 2025년 첫 수확,일반,5.0,2,39000.0,30000.0,18000,0.23076923076923078,0,15600.0
YMM251117-00000043,SMF14158451,[사전예약]고당도 타이벡감귤 2025년 첫 수확,일반,5.0,5,39000.0,30000.0,45000,0.23076923076923078,0,39000.0
YMM251117-00000044,SMF14158451,[사전예약]고당도 타이벡감귤 2025년 첫 수확,일반,5.0,1,39000.0,30000.0,9000,0.23076923076923078,0,7800.0
YMM251117-00000045,SMF14158451,[사전예약]고당도 타이벡감귤 2025년 첫 수확,일반,5.0,1,39000.0,30000.0,9000,0.23076923076923078,0,7800.0
YMM251117-00000046,SMF14158451,[사전예약]고당도 타이벡감귤 2025년 첫 수확,일반,5.0,1,39000.0,30000.0,9000,0.23076923076923078,0,7800.0
YMM251117-00000047,SMF14158451,[사전예약]고당도 타이벡감귤 2025년 첫 수확,일반,5.0,1,39000.0,30000.0,9000,0.23076923076923078,0,7800.0
YMM251117-00000048,SMF14158451,[사전예약]고당도 타이벡감귤 2025년 첫 수확,일반,5.0,1,39000.0,30000.0,9000,0.23076923076923078,0,7800.0
YMM251117-00000049,SMF87846210,"2025 첫수확 노지감귤 가정용 3kg, 5kg",소과,3.0,1,17000.0,8800.0,8200,0.4823529411764706,0,5666.666666666667
YMM251117-00000051,SMF28240458,과즙폭발 꿀당도 보장 감귤 [유라실생],소과,5.0,1,34900.0,34900.0,0,0.0,0,6980.0
YMM251117-00000052,SMF14158451,[사전예약]고당도 타이벡감귤 2025년 첫 수확,일반,5.0,1,39000.0,30000.0,9000,0.23076923076923078,0,7800.0
YMM251117-00000053,SMF14158451,[사전예약]고당도 타이벡감귤 2025년 첫 수확,일반,5.0,2,39000.0,30000.0,18000,0.23076923076923078,0,15600.0
YMM251117-00000054,SMF14158451,[사전예약]고당도 타이벡감귤 2025년 첫 수확,일반,5.0,1,39000.0,30000.0,9000,0.23076923076923078,0,7800.0
YMM251117-00000055,SMF14158451,[사전예약]고당도 타이벡감귤 2025년 첫 수확,일반,2.5,1,29000.0,29000.0,0,0.0,0,11600.0
YMM251117-00000056,SMF14158451,[사전예약]고당도 타이벡감귤 2025년 첫 수확,일반,2.5,1,29000.0,29000.0,0,0.0,0,11600.0
YMM251117-00000057,SMF87846210,"2025 첫수확 노지감귤 가정용 3kg, 5kg",소과,10.0,1,35000.0,23000.0,12000,0.34285714285714286,0,3500.0
YMM251117-00000058,SMF14158451,[사전예약]고당도 타이벡감귤 2025년 첫 수확,일반,5.0,1,39000.0,30000.0,9000,0.23076923076923078,0,7800.0
YMM251117-00000059,SMF14158451,[사전예약]고당도 타이벡감귤 2025년 첫 수확,일반,2.5,1,29000.0,29000.0,0,0.0,0,11600.0
YMM251117-00000060,SMF14158451,[사전예약]고당도 타이벡감귤 2025년 첫 수확,일반,2.5,1,29000.0,29000.0,0,0.0,0,11600.0
YMM251117-00000061,SMF14158451,[사전예약]고당도 타이벡감귤 2025년 첫 수확,일반,2.5,1,29000.0,29000.0,0,0.0,0,11600.0
YMM251117-00000062,SMF87846210,"2025 첫수확 노지감귤 가정용 3kg, 5kg",소과,3.0,1,17000.0,8800.0,8200,0.4823529411764706,0,5666.666666666667
YMM251117-00000063,SMF14158451,[사전예약]고당도 타이벡감귤 2025년 첫 수확,일반,5.0,1,39000.0,30000.0,9000,0.23076923076923078,0,7800.0
YMM251117-00000064,SMF14158451,[사전예약]고당도 타이벡감귤 2025년 첫 수확,일반,2.5,1,29000.0,29000.0,0,0.0,0,11600.0
YMM251117-00000066,SMF14158451,[사전예약]고당도 타이벡감귤 2025년 첫 수확,일반,2.5,1,29000.0,29000.0,0,0.0,0,11600.0
YMM251117-00000067,SMF14158451,[사전예약]고당도 타이벡감귤 2025년 첫 수확,일반,5.0,1,39000.0,30000.0,9000,0.23076923076923078,0,7800.0
YMM251117-00000068,SMF14158451,[사전예약]고당도 타이벡감귤 2025년 첫 수확,일반,2.5,2,29000.0,29000.0,0,0.0,0,23200.0
YMM251117-00000069,SMF87846210,"2025 첫수확 노지감귤 가정용 3kg, 5kg",로얄과,10.0,1,35000.0,23000.0,12000,0.34285714285714286,0,3500.0
YMM251117-00000070,SMF14158451,[사전예약]고당도 타이벡감귤 2025년 첫 수확,일반,5.0,1,39000.0,30000.0,9000,0.23076923076923078,0,7800.0
YMM251117-00000071,SMF14158451,[사전예약]고당도 타이벡감귤 2025년 첫 수확,일반,2.5,1,29000.0,29000.0,0,0.0,0,11600.0
YMM251117-00000072,SMF14158451,[사전예약]고당도 타이벡감귤 2025년 첫 수확,일반,2.5,1,29000.0,29000.0,0,0.0,0,11600.0
YMM251117-00000073,SMF14158451,[사전예약]고당도 타이벡감귤 2025년 첫 수확,일반,5.0,1,39000.0,30000.0,9000,0.23076923076923078,0,7800.0
YMM251117-00000074,SMF14158451,[사전예약]고당도 타이벡감귤 2025년 첫 수확,일반,5.0,1,39000.0,30000.0,9000,0.23076923076923078,0,7800.0
YMM251117-00000075,SMF87846210,"2025 첫수확 노지감귤 가정용 3kg, 5kg",소과,10.0,2,35000.0,23000.0,24000,0.34285714285714286,0,7000.0
YMM251117-00000076,SMF14158451,[사전예약]고당도 타이벡감귤 2025년 첫 수확,일반,2.5,1,29000.0,29000.0,0,0.0,0,11600.0
YMM251117-00000078,SMF14158451,[사전예약]고당도 타이벡감귤 2025년 첫 수확,일반,2.5,1,29000.0,29000.0,0,0.0,0,11600.0
YMM251117-00000079,SMF14158451,[사전예약]고당도 타이벡감귤 2025년 첫 수확,일반,2.5,1,29000.0,29000.0,0,0.0,0,11600.0
YMM251117-00000080,SMF14158451,[사전예약]고당도 타이벡감귤 2025년 첫 수확,일반,2.5,1,29000.0,29000.0,0,0.0,0,11600.0
YMM251117-00000081,SMF14158451,[사전예약]고당도 타이벡감귤 2025년 첫 수확,일반,2.5,1,29000.0,29000.0,0,0.0,0,11600.0
YMM251117-00000082,SMF14158451,[사전예약]고당도 타이벡감귤 2025년 첫 수확,일반,2.5,1,29000.0,29000.0,0,0.0,0,11600.0
YMM251117-00000083,SMF14158451,[사전예약]고당도 타이벡감귤 2025년 첫 수확,일반,2.5,1,29000.0,29000.0,0,0.0,0,11600.0
YMM251117-00000084,SMF14158451,[사전예약]고당도 타이벡감귤 2025년 첫 수확,일반,5.0,1,39000.0,30000.0,9000,0.23076923076923078,0,7800.0
YMM251117-00000085,SMF14158451,[사전예약]고당도 타이벡감귤 2025년 첫 수확,일반,5.0,1,39000.0,30000.0,9000,0.23076923076923078,0,7800.0
YMM251117-00000086,SMF88753441,"해남 꿀밤고구마, 베니하루카 품종 포슬포슬",일반,5.0,1,21900.0,17000.0,4900,0.2237442922374429,0,4380.0
YMM251117-00000087,SMF14158451,[사전예약]고당도 타이벡감귤 2025년 첫 수확,일반,2.5,1,29000.0,29000.0,0,0.0,0,11600.0
YMM251117-00000088,SMF14158451,[사전예약]고당도 타이벡감귤 2025년 첫 수확,일반,5.0,1,39000.0,30000.0,9000,0.23076923076923078,0,7800.0
YMM251117-00000089,SMF88753441,"해남 꿀밤고구마, 베니하루카 품종 포슬포슬",일반,5.0,1,20900.0,16000.0,4900,0.23444976076555024,0,4180.0
YMM251117-00000090,SMF14158451,[사전예약]고당도 타이벡감귤 2025년 첫 수확,일반,2.5,1,29000.0,29000.0,0,0.0,0,11600.0
YMM251117-00000091,SMF87846210,"2025 첫수확 노지감귤 가정용 3kg, 5kg",로얄과,5.0,1,24000.0,13300.0,10700,0.44583333333333336,0,4800.0
YMM251117-00000092,SMF87846210,"2025 첫수확 노지감귤 가정용 3kg, 5kg",로얄과,5.0,1,24000.0,13300.0,10700,0.44583333333333336,0,4800.0
YMM251117-00000093,SMF14158451,[사전예약]고당도 타이벡감귤 2025년 첫 수확,일반,2.5,1,29000.0,29000.0,0,0.0,0,11600.0
YMM251117-00000094,SMF87846210,"2025 첫수확 노지감귤 가정용 3kg, 5kg",소과,3.0,1,17000.0,8800.0,8200,0.4823529411764706,0,5666.666666666667
YMM251117-00000097,SMF14158451,[사전예약]고당도 타이벡감귤 2025년 첫 수확,일반,5.0,1,39000.0,30000.0,9000,0.23076923076923078,0,7800.0
YMM251117-00000098,SMF14158451,[사전예약]고당도 타이벡감귤 2025년 첫 수확,일반,2.5,1,29000.0,29000.0,0,0.0,0,11600.0
YMM251117-00000099,SMF14158451,[사전예약]고당도 타이벡감귤 2025년 첫 수확,일반,2.5,1,29000.0,29000.0,0,0.0,0,11600.0
YMM251117-00000100,SMF87846210,"2025 첫수확 노지감귤 가정용 3kg, 5kg",소과,5.0,1,24000.0,13300.0,10700,0.44583333333333336,0,4800.0
YMM251117-00000101,SMF14158451,[사전예약]고당도 타이벡감귤 2025년 첫 수확,일반,5.0,1,39000.0,30000.0,9000,0.23076923076923078,0,7800.0
YMM251117-00000103,SMF14158451,[사전예약]고당도 타이벡감귤 2025년 첫 수확,일반,2.5,1,29000.0,29000.0,0,0.0,0,11600.0
YMM251117-00000104,SMF14158451,[사전예약]고당도 타이벡감귤 2025년 첫 수확,일반,2.5,1,29000.0,29000.0,0,0.0,0,11600.0
YMM251117-00000105,SMF14158451,[사전예약]고당도 타이벡감귤 2025년 첫 수확,일반,2.5,1,29000.0,29000.0,0,0.0,0,11600.0
YMM251117-00000106,SMF87846210,"2025 첫수확 노지감귤 가정용 3kg, 5kg",소과,10.0,1,35000.0,23000.0,12000,0.34285714285714286,0,3500.0
YMM251117-00000107,SMF87846210,"2025 첫수확 노지감귤 가정용 3kg, 5kg",소과,5.0,1,24000.0,13300.0,10700,0.44583333333333336,0,4800.0
YMM251117-00000108,SMF87846210,"2025 첫수확 노지감귤 가정용 3kg, 5kg",로얄과,10.0,1,35000.0,23000.0,12000,0.34285714285714286,0,3500.0
YMM251117-00000109,SMF87846210,"2025 첫수확 노지감귤 가정용 3kg, 5kg",로얄과,10.0,1,35000.0,23000.0,12000,0.34285714285714286,0,3500.0
YMM251117-00000110,SMF14158451,[사전예약]고당도 타이벡감귤 2025년 첫 수확,일반,2.5,1,29000.0,29000.0,0,0.0,0,11600.0
YMM251117-00000111,SMF14158451,[사전예약]고당도 타이벡감귤 2025년 첫 수확,일반,5.0,1,39000.0,30000.0,9000,0.23076923076923078,0,7800.0
YMM251117-00000112,SMF14158451,[사전예약]고당도 타이벡감귤 2025년 첫 수확,일반,5.0,1,39000.0,30000.0,9000,0.23076923076923078,0,7800.0
YMM251117-00000113,SMF14158451,[사전예약]고당도 타이벡감귤 2025년 첫 수확,일반,5.0,1,39000.0,30000.0,9000,0.23076923076923078,0,7800.0
YMM251117-00000114,SMF87846210,"2025 첫수확 노지감귤 가정용 3kg, 5kg",소과,3.0,1,17000.0,8800.0,8200,0.4823529411764706,0,5666.666666666667
YMM251117-00000115,SMF87846210,"2025 첫수확 노지감귤 가정용 3kg, 5kg",로얄과,10.0,1,35000.0,23000.0,12000,0.34285714285714286,0,3500.0
YMM251117-00000116,SMF14158451,[사전예약]고당도 타이벡감귤 2025년 첫 수확,일반,2.5,1,29000.0,29000.0,0,0.0,0,11600.0
YMM251117-00000117,SMF28240458,과즙폭발 꿀당도 보장 감귤 [유라실생],소과,10.0,1,44900.0,44900.0,0,0.0,0,4490.0
YMM251117-00000118,SMF14158451,[사전예약]고당도 타이벡감귤 2025년 첫 수확,일반,2.5,1,29000.0,29000.0,0,0.0,0,11600.0
YMM251117-00000120,SMF14158451,[사전예약]고당도 타이벡감귤 2025년 첫 수확,일반,2.5,1,29000.0,29000.0,0,0.0,0,11600.0
YMM251117-00000121,SMF14158451,[사전예약]고당도 타이벡감귤 2025년 첫 수확,일반,2.5,1,29000.0,29000.0,0,0.0,0,11600.0
YMM251117-00000122,SMF28240458,과즙폭발 꿀당도 보장 감귤 [유라실생],소과,10.0,1,44900.0,44900.0,0,0.0,0,4490.0
YMM251117-00000123,SMF14158451,[사전예약]고당도 타이벡감귤 2025년 첫 수확,일반,2.5,1,29000.0,29000.0,0,0.0,0,11600.0
YMM251117-00000124,SMF14158451,[사전예약]고당도 타이벡감귤 2025년 첫 수확,일반,2.5,1,29000.0,29000.0,0,0.0,0,11600.0
YMM251117-00000125,SMF14158451,[사전예약]고당도 타이벡감귤 2025년 첫 수확,일반,2.5,1,29000.0,29000.0,0,0.0,0,11600.0
YMM251117-00000128,SMF87846210,"2025 첫수확 노지감귤 가정용 3kg, 5kg",로얄과,5.0,4,24000.0,13300.0,42800,0.44583333333333336,0,19200.0
YMM251117-00000129,SMF28240458,과즙폭발 꿀당도 보장 감귤 [유라실생],소과,3.0,1,24900.0,24900.0,0,0.0,0,8300.0
YMM251117-00000130,SMF14158451,[사전예약]고당도 타이벡감귤 2025년 첫 수확,일반,2.5,1,29000.0,29000.0,0,0.0,0,11600.0
YMM251117-00000131,SMF87846210,"2025 첫수확 노지감귤 가정용 3kg, 5kg",로얄과,10.0,1,35000.0,23000.0,12000,0.34285714285714286,0,3500.0
YMM251117-00000133,SMF87846210,"2025 첫수확 노지감귤 가정용 3kg, 5kg",로얄과,5.0,1,24000.0,13300.0,10700,0.44583333333333336,0,4800.0
YMM251117-00000134,SMF14158451,[사전예약]고당도 타이벡감귤 2025년 첫 수확,일반,2.5,1,29000.0,29000.0,0,0.0,0,11600.0
YMM251117-00000135,SMF87846210,"2025 첫수확 노지감귤 가정용 3kg, 5kg",로얄과,5.0,1,24000.0,13300.0,10700,0.44583333333333336,0,4800.0
YMM251117-00000136,SMF87846210,"2025 첫수확 노지감귤 가정용 3kg, 5kg",로얄과,5.0,1,24000.0,13300.0,10700,0.44583333333333336,0,4800.0
YMM251117-00000137,SMF14158451,[사전예약]고당도 타이벡감귤 2025년 첫 수확,일반,5.0,1,39000.0,30000.0,9000,0.23076923076923078,0,7800.0
YMM251117-00000138,SMF14158451,[사전예약]고당도 타이벡감귤 2025년 첫 수확,일반,2.5,1,29000.0,29000.0,0,0.0,0,11600.0
YMM251117-00000139,SMF14158451,[사전예약]고당도 타이벡감귤 2025년 첫 수확,일반,2.5,1,29000.0,29000.0,0,0.0,0,11600.0
YMM251117-00000140,SMF87846210,"2025 첫수확 노지감귤 가정용 3kg, 5kg",소과,5.0,1,24000.0,13300.0,10700,0.44583333333333336,0,4800.0
YMM251117-00000141,SMF14158451,[사전예약]고당도 타이벡감귤 2025년 첫 수확,일반,2.5,1,29000.0,29000.0,0,0.0,0,11600.0
YMM251117-00000142,SMF14158451,[사전예약]고당도 타이벡감귤 2025년 첫 수확,일반,2.5,1,29000.0,29000.0,0,0.0,0,11600.0
YMM251117-00000143,SMF14158451,[사전예약]고당도 타이벡감귤 2025년 첫 수확,일반,2.5,1,29000.0,29000.0,0,0.0,0,11600.0
YMM251117-00000144,SMF14158451,[사전예약]고당도 타이벡감귤 2025년 첫 수확,일반,2.5,1,29000.0,29000.0,0,0.0,0,11600.0
YMM251117-00000145,SMF14158451,[사전예약]고당도 타이벡감귤 2025년 첫 수확,일반,5.0,1,39000.0,30000.0,9000,0.23076923076923078,0,7800.0
YMM251117-00000146,SMF14158451,[사전예약]고당도 타이벡감귤 2025년 첫 수확,일반,5.0,1,39000.0,30000.0,9000,0.23076923076923078,0,7800.0
YMM251117-00000147,SMF14158451,[사전예약]고당도 타이벡감귤 2025년 첫 수확,일반,2.5,1,29000.0,29000.0,0,0.0,0,11600.0
YMM251117-00000148,SMF14158451,[사전예약]고당도 타이벡감귤 2025년 첫 수확,일반,2.5,1,29000.0,29000.0,0,0.0,0,11600.0
YMM251117-00000149,SMF14158451,[사전예약]고당도 타이벡감귤 2025년 첫 수확,일반,5.0,1,39000.0,30000.0,9000,0.23076923076923078,0,7800.0
YMM251117-00000150,SMF14158451,[사전예약]고당도 타이벡감귤 2025년 첫 수확,일반,5.0,1,39000.0,30000.0,9000,0.23076923076923078,0,7800.0
YMM251117-00000151,SMF14158451,[사전예약]고당도 타이벡감귤 2025년 첫 수확,일반,2.5,1,29000.0,29000.0,0,0.0,0,11600.0
YMM251118-00000001,SMF14158451,[사전예약]고당도 타이벡감귤 2025년 첫 수확,일반,2.5,2,29000.0,29000.0,0,0.0,0,23200.0
YMM251118-00000002,SMF14158451,[사전예약]고당도 타이벡감귤 2025년 첫 수확,일반,2.5,1,29000.0,29000.0,0,0.0,0,11600.0
YMM251118-00000003,SMF14158451,[사전예약]고당도 타이벡감귤 2025년 첫 수확,일반,5.0,1,39000.0,30000.0,9000,0.23076923076923078,0,7800.0
YMM251118-00000006,SMF14158451,[사전예약]고당도 타이벡감귤 2025년 첫 수확,일반,2.5,1,29000.0,29000.0,0,0.0,0,11600.0
YMM251118-00000007,SMF88753441,"해남 꿀밤고구마, 베니하루카 품종 포슬포슬",일반,3.0,1,11900.0,8000.0,3900,0.3277310924369748,0,3966.6666666666665
YMM251118-00000009,SMF14158451,[사전예약]고당도 타이벡감귤 2025년 첫 수확,일반,5.0,1,39000.0,30000.0,9000,0.23076923076923078,0,7800.0
YMM251118-00000010,SMF28240458,과즙폭발 꿀당도 보장 감귤 [유라실생],소과,10.0,1,44900.0,44900.0,0,0.0,0,4490.0
YMM251118-00000011,SMF14158451,[사전예약]고당도 타이벡감귤 2025년 첫 수확,일반,5.0,1,39000.0,30000.0,9000,0.23076923076923078,0,7800.0
YMM251118-00000012,SMF87846210,"2025 첫수확 노지감귤 가정용 3kg, 5kg",로얄과,5.0,1,24000.0,13300.0,10700,0.44583333333333336,0,4800.0
YMM251118-00000013,SMF28240458,과즙폭발 꿀당도 보장 감귤 [유라실생],소과,5.0,4,34900.0,34900.0,0,0.0,0,27920.0
YMM251118-00000015,SMF14158451,초고당도 타이벡감귤 2025년 첫 수확,일반,2.5,1,29000.0,29000.0,0,0.0,0,11600.0
YMM251118-00000016,SMF14158451,초고당도 타이벡감귤 2025년 첫 수확,일반,5.0,1,39000.0,30000.0,9000,0.23076923076923078,0,7800.0
YMM251118-00000017,SMF14158451,초고당도 타이벡감귤 2025년 첫 수확,일반,2.5,1,29000.0,29000.0,0,0.0,0,11600.0
YMM251118-00000018,SMF14158451,초고당도 타이벡감귤 2025년 첫 수확,일반,5.0,1,39000.0,30000.0,9000,0.23076923076923078,0,7800.0
YMM251118-00000020,SMF14158451,초고당도 타이벡감귤 2025년 첫 수확,일반,5.0,1,39000.0,30000.0,9000,0.23076923076923078,0,7800.0
YMM251118-00000021,SMF14158451,초고당도 타이벡감귤 2025년 첫 수확,일반,5.0,1,39000.0,30000.0,9000,0.23076923076923078,0,7800.0
YMM251118-00000022,SMF87846210,"2025 첫수확 노지감귤 가정용 3kg, 5kg",소과,10.0,3,35000.0,23000.0,36000,0.34285714285714286,0,10500.0
YMM251118-00000023,SMF28240458,과즙폭발 꿀당도 보장 감귤 [유라실생],소과,3.0,1,24900.0,24900.0,0,0.0,0,8300.0
YMM251118-00000024,SMF87846210,"2025 첫수확 노지감귤 가정용 3kg, 5kg",소과,5.0,1,24000.0,13300.0,10700,0.44583333333333336,0,4800.0
YMM251118-00000025,SMF87846210,"2025 첫수확 노지감귤 가정용 3kg, 5kg",소과,5.0,1,24000.0,13300.0,10700,0.44583333333333336,0,4800.0
YMM251118-00000026,SMF87846210,"2025 첫수확 노지감귤 가정용 3kg, 5kg",소과,5.0,1,24000.0,13300.0,10700,0.44583333333333336,0,4800.0
YMM251118-00000027,SMF14158451,초고당도 타이벡감귤 2025년 첫 수확,일반,2.5,1,29000.0,19000.0,10000,0.3448275862068966,0,11600.0
YMM251118-00000028,SMF14158451,초고당도 타이벡감귤 2025년 첫 수확,일반,4.5,1,39000.0,29000.0,10000,0.2564102564102564,0,8666.666666666666
YMM251118-00000030,SMF14158451,초고당도 타이벡감귤 2025년 첫 수확,일반,4.5,1,39000.0,29000.0,10000,0.2564102564102564,0,8666.666666666666
YMM251118-00000031,SMF87846210,"2025 첫수확 노지감귤 가정용 3kg, 5kg",로얄과,10.0,1,35000.0,23000.0,12000,0.34285714285714286,0,3500.0
YMM251118-00000032,SMF14158451,초고당도 타이벡감귤 2025년 첫 수확,일반,2.5,1,29000.0,19000.0,10000,0.3448275862068966,0,11600.0
YMM251118-00000033,SMF14158451,초고당도 타이벡감귤 2025년 첫 수확,일반,4.5,1,39000.0,29000.0,10000,0.2564102564102564,0,8666.666666666666
YMM251118-00000034,SMF14158451,초고당도 타이벡감귤 2025년 첫 수확,일반,4.5,1,39000.0,29000.0,10000,0.2564102564102564,0,8666.666666666666
YMM251118-00000035,SMF87846210,"2025 첫수확 노지감귤 가정용 3kg, 5kg",로얄과,3.0,1,17000.0,8800.0,8200,0.4823529411764706,0,5666.666666666667
YMM251118-00000036,SMF14158451,초고당도 타이벡감귤 2025년 첫 수확,일반,2.5,1,29000.0,19000.0,10000,0.3448275862068966,0,11600.0
YMM251118-00000037,SMF28240458,과즙폭발 꿀당도 보장 감귤 [유라실생],소과,3.0,1,24900.0,24900.0,0,0.0,0,8300.0
YMM251118-00000039,SMF28240458,과즙폭발 꿀당도 보장 감귤 [유라실생],소과,5.0,1,34900.0,34900.0,0,0.0,0,6980.0
YMM251118-00000040,SMF87846210,"2025 첫수확 노지감귤 가정용 3kg, 5kg",소과,3.0,1,17000.0,8800.0,8200,0.4823529411764706,0,5666.666666666667
YMM251118-00000041,SMF14158451,초고당도 타이벡감귤 2025년 첫 수확,일반,2.5,1,29000.0,19000.0,10000,0.3448275862068966,0,11600.0
YMM251119-00000001,SMF14158451,초고당도 타이벡감귤 2025년 첫 수확,일반,4.5,1,39000.0,29000.0,10000,0.2564102564102564,0,8666.666666666666
YMM251119-00000002,SMF14158451,초고당도 타이벡감귤 2025년 첫 수확,일반,4.5,1,39000.0,29000.0,10000,0.2564102564102564,0,8666.666666666666
YMM251119-00000003,SMF14158451,초고당도 타이벡감귤 2025년 첫 수확,일반,2.5,1,29000.0,19000.0,10000,0.3448275862068966,0,11600.0
YMM251119-00000004,SMF28240458,과즙폭발 꿀당도 보장 감귤 [유라실생],소과,5.0,1,34900.0,34900.0,0,0.0,0,6980.0
YMM251119-00000005,SMF14158451,초고당도 타이벡감귤 2025년 첫 수확,일반,4.5,1,39000.0,29000.0,10000,0.2564102564102564,0,8666.666666666666
YMM251119-00000006,SMF14158451,초고당도 타이벡감귤 2025년 첫 수확,일반,4.5,1,39000.0,29000.0,10000,0.2564102564102564,0,8666.666666666666
YMM251119-00000007,SMF14158451,초고당도 타이벡감귤 2025년 첫 수확,일반,4.5,1,39000.0,29000.0,10000,0.2564102564102564,0,8666.666666666666
YMM251119-00000008,SMF14158451,초고당도 타이벡감귤 2025년 첫 수확,일반,4.5,1,39000.0,29000.0,10000,0.2564102564102564,0,8666.666666666666
YMM251119-00000009,SMF14158451,초고당도 타이벡감귤 2025년 첫 수확,일반,2.5,1,29000.0,19000.0,10000,0.3448275862068966,0,11600.0
YMM251119-00000010,SMF28240458,과즙폭발 꿀당도 보장 감귤 [유라실생],소과,3.0,1,24900.0,24900.0,0,0.0,0,8300.0
YMM251119-00000011,SMF14158451,초고당도 타이벡감귤 2025년 첫 수확,일반,4.5,1,39000.0,29000.0,10000,0.2564102564102564,0,8666.666666666666
YMM251119-00000019,SMF13166336,♥1년 중 20일만 맛 볼 수 있는 고당도 노지 황금향♥,일반,4.5,1,29000.0,20000.0,9000,0.3103448275862069,0,6444.444444444444
YMM251119-00000020,SMF28240458,과즙폭발 꿀당도 보장 감귤 [유라실생],소과,3.0,1,24900.0,24900.0,0,0.0,0,8300.0
YMM251119-00000021,SMF14158451,초고당도 타이벡감귤 2025년 첫 수확,일반,2.5,1,29000.0,19000.0,10000,0.3448275862068966,0,11600.0
YMM251119-00000023,SMF13166336,♥1년 중 20일만 맛 볼 수 있는 고당도 노지 황금향♥,일반,4.5,3,29000.0,20000.0,27000,0.3103448275862069,0,19333.333333333332
YMM251119-00000024,SMF14158451,초고당도 타이벡감귤 2025년 첫 수확,일반,4.5,1,39000.0,29000.0,10000,0.2564102564102564,0,8666.666666666666
YMM251119-00000025,SMF14158451,초고당도 타이벡감귤 2025년 첫 수확,일반,4.5,1,39000.0,29000.0,10000,0.2564102564102564,0,8666.666666666666
YMM251119-00000026,SMF28240458,과즙폭발 꿀당도 보장 감귤 [유라실생],소과,3.0,1,24900.0,24900.0,0,0.0,0,8300.0
YMM251119-00000027,SMF14158451,초고당도 타이벡감귤 2025년 첫 수확,일반,4.5,1,39000.0,29000.0,10000,0.2564102564102564,0,8666.666666666666
YMM251119-00000028,SMF14158451,초고당도 타이벡감귤 2025년 첫 수확,일반,2.5,1,29000.0,19000.0,10000,0.3448275862068966,0,11600.0
YMM251119-00000029,SMF13166336,♥1년 중 20일만 맛 볼 수 있는 고당도 노지 황금향♥,일반,4.5,1,29000.0,20000.0,9000,0.3103448275862069,0,6444.444444444444
YMM251119-00000030,SMF14158451,초고당도 타이벡감귤 2025년 첫 수확,일반,4.5,1,39000.0,29000.0,10000,0.2564102564102564,0,8666.666666666666
YMM251119-00000031,SMF28240458,과즙폭발 꿀당도 보장 감귤 [유라실생],소과,5.0,2,39900.0,39900.0,0,0.0,0,15960.0
YMM251119-00000032,SMF14158451,초고당도 타이벡감귤 2025년 첫 수확,일반,2.5,1,29000.0,19000.0,10000,0.3448275862068966,0,11600.0
YMM251119-00000033,SMF14158451,초고당도 타이벡감귤 2025년 첫 수확,일반,4.5,1,39000.0,29000.0,10000,0.2564102564102564,0,8666.666666666666
YMM251119-00000034,SMF14158451,초고당도 타이벡감귤 2025년 첫 수확,일반,4.5,1,39000.0,29000.0,10000,0.2564102564102564,0,8666.666666666666
YMM251119-00000035,SMF13166336,♥1년 중 20일만 맛 볼 수 있는 고당도 노지 황금향♥,일반,9.0,1,45000.0,30000.0,15000,0.3333333333333333,0,5000.0
YMM251119-00000036,SMF13166336,♥1년 중 20일만 맛 볼 수 있는 고당도 노지 황금향♥,일반,4.5,1,29000.0,20000.0,9000,0.3103448275862069,0,6444.444444444444
YMM251119-00000037,SMF13166336,♥1년 중 20일만 맛 볼 수 있는 고당도 노지 황금향♥,일반,4.5,2,29000.0,20000.0,18000,0.3103448275862069,0,12888.888888888889
YMM251119-00000038,SMF13166336,♥1년 중 20일만 맛 볼 수 있는 고당도 노지 황금향♥,일반,4.5,1,29000.0,20000.0,9000,0.3103448275862069,0,6444.444444444444
YMM251119-00000039,SMF13166336,♥1년 중 20일만 맛 볼 수 있는 고당도 노지 황금향♥,일반,4.5,1,29000.0,20000.0,9000,0.3103448275862069,0,6444.444444444444
YMM251119-00000040,SMF13166336,♥1년 중 20일만 맛 볼 수 있는 고당도 노지 황금향♥,일반,9.0,1,45000.0,30000.0,15000,0.3333333333333333,0,5000.0
YMM251119-00000041,SMF13166336,♥1년 중 20일만 맛 볼 수 있는 고당도 노지 황금향♥,일반,4.5,1,29000.0,20000.0,9000,0.3103448275862069,0,6444.444444444444
YMM251119-00000042,SMF28240458,과즙폭발 꿀당도 보장 감귤 [유라실생],소과,3.0,1,24900.0,24900.0,0,0.0,0,8300.0
YMM251119-00000047,SMF13166336,♥1년 중 20일만 맛 볼 수 있는 고당도 노지 황금향♥,일반,4.5,1,29000.0,20000.0,9000,0.3103448275862069,0,6444.444444444444
YMM251119-00000048,SMF13166336,♥1년 중 20일만 맛 볼 수 있는 고당도 노지 황금향♥,일반,9.0,1,45000.0,30000.0,15000,0.3333333333333333,0,5000.0
YMM251119-00000049,SMF13166336,♥1년 중 20일만 맛 볼 수 있는 고당도 노지 황금향♥,일반,9.0,1,45000.0,30000.0,15000,0.3333333333333333,0,5000.0
YMM251119-00000050,SMF14158451,초고당도 타이벡감귤 2025년 첫 수확,일반,2.5,1,29000.0,19000.0,10000,0.3448275862068966,0,11600.0
YMM251119-00000051,SMF14158451,초고당도 타이벡감귤 2025년 첫 수확,일반,2.5,1,29000.0,19000.0,10000,0.3448275862068966,0,11600.0
YMM251119-00000052,SMF14158451,초고당도 타이벡감귤 2025년 첫 수확,일반,4.5,1,39000.0,29000.0,10000,0.2564102564102564,0,8666.666666666666
YMM251119-00000053,SMF14158451,초고당도 타이벡감귤 2025년 첫 수확,일반,4.5,1,39000.0,29000.0,10000,0.2564102564102564,0,8666.666666666666
YMM251120-00000001,SMF13166336,♥1년 중 20일만 맛 볼 수 있는 고당도 노지 황금향♥,일반,4.5,1,29000.0,20000.0,9000,0.3103448275862069,0,6444.444444444444
YMM251120-00000002,SMF14158451,초고당도 타이벡감귤 2025년 첫 수확,일반,2.5,1,29000.0,19000.0,10000,0.3448275862068966,0,11600.0
YMM251120-00000003,SMF28240458,과즙폭발 꿀당도 보장 감귤 [유라실생],소과,3.0,1,24900.0,24900.0,0,0.0,0,8300.0
YMM251120-00000004,SMF28240458,과즙폭발 꿀당도 보장 감귤 [유라실생],소과,3.0,1,24900.0,24900.0,0,0.0,0,8300.0
YMM251120-00000005,SMF13166336,♥1년 중 20일만 맛 볼 수 있는 고당도 노지 황금향♥,일반,4.5,1,29000.0,20000.0,9000,0.3103448275862069,0,6444.444444444444
YMM251120-00000006,SMF13166336,♥1년 중 20일만 맛 볼 수 있는 고당도 노지 황금향♥,일반,4.5,1,29000.0,20000.0,9000,0.3103448275862069,0,6444.444444444444
YMM251120-00000007,SMF13166336,♥1년 중 20일만 맛 볼 수 있는 고당도 노지 황금향♥,일반,4.5,1,29000.0,20000.0,9000,0.3103448275862069,0,6444.444444444444
YMM251120-00000008,SMF14158451,초고당도 타이벡감귤 2025년 첫 수확,일반,2.5,1,29000.0,19000.0,10000,0.3448275862068966,0,11600.0
YMM251120-00000009,SMF28240458,과즙폭발 꿀당도 보장 감귤 [유라실생],소과,3.0,1,24900.0,24900.0,0,0.0,0,8300.0
YMM251120-00000010,SMF28240458,과즙폭발 꿀당도 보장 감귤 [유라실생],소과,3.0,1,24900.0,24900.0,0,0.0,0,8300.0
YMM251120-00000011,SMF13166336,♥1년 중 20일만 맛 볼 수 있는 고당도 노지 황금향♥,일반,4.5,1,29000.0,20000.0,9000,0.3103448275862069,0,6444.444444444444
YMM251120-00000012,SMF14158451,초고당도 타이벡감귤 2025년 첫 수확,일반,2.5,1,29000.0,19000.0,10000,0.3448275862068966,0,11600.0
YMM251120-00000013,SMF13166336,♥1년 중 20일만 맛 볼 수 있는 고당도 노지 황금향♥,일반,4.5,1,29000.0,20000.0,9000,0.3103448275862069,0,6444.444444444444
YMM251120-00000014,SMF14158451,초고당도 타이벡감귤 2025년 첫 수확,일반,4.5,1,39000.0,29000.0,10000,0.2564102564102564,0,8666.666666666666
YMM251120-00000015,SMF14158451,초고당도 타이벡감귤 2025년 첫 수확,일반,2.5,1,29000.0,19000.0,10000,0.3448275862068966,0,11600.0
YMM251120-00000017,SMF28240458,과즙폭발 꿀당도 보장 감귤 [유라실생],소과,3.0,1,24900.0,24900.0,0,0.0,0,8300.0
YMM251120-00000019,SMF13166336,♥1년 중 20일만 맛 볼 수 있는 고당도 노지 황금향♥,일반,9.0,1,45000.0,30000.0,15000,0.3333333333333333,0,5000.0
YMM251120-00000020,SMF14158451,초고당도 타이벡감귤 2025년 첫 수확,일반,2.5,1,29000.0,19000.0,10000,0.3448275862068966,0,11600.0
YMM251120-00000021,SMF14158451,초고당도 타이벡감귤 2025년 첫 수확,일반,2.5,1,29000.0,19000.0,10000,0.3448275862068966,0,11600.0
YMM251120-00000023,SMF14158451,초고당도 타이벡감귤 2025년 첫 수확,일반,4.5,1,39000.0,29000.0,10000,0.2564102564102564,0,8666.666666666666
YMM251120-00000024,SMF14158451,초고당도 타이벡감귤 2025년 첫 수확,일반,4.5,1,39000.0,29000.0,10000,0.2564102564102564,0,8666.666666666666
YMM251120-00000025,SMF14158451,초고당도 타이벡감귤 2025년 첫 수확,일반,2.5,1,29000.0,19000.0,10000,0.3448275862068966,0,11600.0
YMM251120-00000026,SMF14158451,초고당도 타이벡감귤 2025년 첫 수확,일반,4.5,1,39000.0,29000.0,10000,0.2564102564102564,0,8666.666666666666
YMM251120-00000027,SMF13166336,♥1년 중 20일만 맛 볼 수 있는 고당도 노지 황금향♥,일반,4.5,1,29000.0,20000.0,9000,0.3103448275862069,0,6444.444444444444
YMM251120-00000028,SMF14158451,초고당도 타이벡감귤 2025년 첫 수확,일반,4.5,1,39000.0,29000.0,10000,0.2564102564102564,0,8666.666666666666
YMM251120-00000030,SMF14158451,초고당도 타이벡감귤 2025년 첫 수확,일반,2.5,1,29000.0,19000.0,10000,0.3448275862068966,0,11600.0
YMM251120-00000031,SMF13166336,♥1년 중 20일만 맛 볼 수 있는 고당도 노지 황금향♥,일반,4.5,1,29000.0,20000.0,9000,0.3103448275862069,0,6444.444444444444
YMM251120-00000032,SMF28240458,과즙폭발 꿀당도 보장 감귤 [유라실생],소과,3.0,1,24900.0,24900.0,0,0.0,0,8300.0
YMM251120-00000033,SMF14158451,초고당도 타이벡감귤 2025년 첫 수확,일반,4.5,1,39000.0,29000.0,10000,0.2564102564102564,0,8666.666666666666
YMM251120-00000035,SMF28240458,과즙폭발 꿀당도 보장 감귤 [유라실생],소과,3.0,1,24900.0,24900.0,0,0.0,0,8300.0
YMM251120-00000036,SMF28240458,과즙폭발 꿀당도 보장 감귤 [유라실생],소과,3.0,1,24900.0,24900.0,0,0.0,0,8300.0
YMM251120-00000037,SMF28240458,과즙폭발 꿀당도 보장 감귤 [유라실생],소과,3.0,1,24900.0,24900.0,0,0.0,0,8300.0
YMM251120-00000038,SMF28240458,과즙폭발 꿀당도 보장 감귤 [유라실생],소과,3.0,1,24900.0,24900.0,0,0.0,0,8300.0
YMM251120-00000039,SMF28240458,과즙폭발 꿀당도 보장 감귤 [유라실생],소과,5.0,1,34900.0,34900.0,0,0.0,0,6980.0
YMM251120-00000040,SMF28240458,과즙폭발 꿀당도 보장 감귤 [유라실생],소과,5.0,1,34900.0,34900.0,0,0.0,0,6980.0
YMM251120-00000041,SMF13166336,♥1년 중 20일만 맛 볼 수 있는 고당도 노지 황금향♥,일반,9.0,1,45000.0,30000.0,15000,0.3333333333333333,0,5000.0
YMM251121-00000001,SMF13166336,♥1년 중 20일만 맛 볼 수 있는 고당도 노지 황금향♥,일반,4.5,1,29000.0,20000.0,9000,0.3103448275862069,0,6444.444444444444
YMM251121-00000002,SMF13166336,♥1년 중 20일만 맛 볼 수 있는 고당도 노지 황금향♥,일반,4.5,1,29000.0,20000.0,9000,0.3103448275862069,0,6444.444444444444
YMM251121-00000003,SMF14158451,초고당도 타이벡감귤 2025년 첫 수확,일반,2.5,1,29000.0,19000.0,10000,0.3448275862068966,0,11600.0
YMM251121-00000004,SMF14158451,초고당도 타이벡감귤 2025년 첫 수확,일반,2.5,3,29000.0,19000.0,30000,0.3448275862068966,0,34800.0
YMM251121-00000005,SMF14158451,초고당도 타이벡감귤 2025년 첫 수확,일반,4.5,1,39000.0,29000.0,10000,0.2564102564102564,0,8666.666666666666
YMM251121-00000006,SMF13166336,♥1년 중 20일만 맛 볼 수 있는 고당도 노지 황금향♥,일반,9.0,1,45000.0,30000.0,15000,0.3333333333333333,0,5000.0
YMM251121-00000007,SMF14158451,초고당도 타이벡감귤 2025년 첫 수확,일반,4.5,1,39000.0,29000.0,10000,0.2564102564102564,0,8666.666666666666
YMM251121-00000008,SMF13166336,♥1년 중 20일만 맛 볼 수 있는 고당도 노지 황금향♥,일반,4.5,1,29000.0,20000.0,9000,0.3103448275862069,0,6444.444444444444
YMM251121-00000009,SMF14158451,초고당도 타이벡감귤 2025년 첫 수확,일반,2.5,1,29000.0,19000.0,10000,0.3448275862068966,0,11600.0
YMM251121-00000010,SMF14158451,초고당도 타이벡감귤 2025년 첫 수확,일반,2.5,1,29000.0,19000.0,10000,0.3448275862068966,0,11600.0
YMM251121-00000011,SMF14158451,초고당도 타이벡감귤 2025년 첫 수확,일반,4.5,1,39000.0,29000.0,10000,0.2564102564102564,0,8666.666666666666
YMM251121-00000012,SMF28240458,과즙폭발 꿀당도 보장 감귤 [유라실생],소과,5.0,1,34900.0,34900.0,0,0.0,0,6980.0
YMM251121-00000013,SMF28240458,과즙폭발 꿀당도 보장 감귤 [유라실생],소과,3.0,1,24900.0,24900.0,0,0.0,0,8300.0
YMM251121-00000014,SMF13166336,♥1년 중 20일만 맛 볼 수 있는 고당도 노지 황금향♥,일반,4.5,1,29000.0,20000.0,9000,0.3103448275862069,0,6444.444444444444
YMM251121-00000015,SMF14158451,초고당도 타이벡감귤 2025년 첫 수확,일반,2.5,1,29000.0,19000.0,10000,0.3448275862068966,0,11600.0
YMM251121-00000016,SMF14158451,초고당도 타이벡감귤 2025년 첫 수확,일반,2.5,1,29000.0,19000.0,10000,0.3448275862068966,0,11600.0
YMM251121-00000017,SMF13166336,♥1년 중 20일만 맛 볼 수 있는 고당도 노지 황금향♥,일반,4.5,1,29000.0,20000.0,9000,0.3103448275862069,0,6444.444444444444
YMM251121-00000018,SMF28240458,과즙폭발 꿀당도 보장 감귤 [유라실생],소과,3.0,1,24900.0,24900.0,0,0.0,0,8300.0
YMM251121-00000019,SMF14158451,초고당도 타이벡감귤 2025년 첫 수확,일반,2.5,1,29000.0,19000.0,10000,0.3448275862068966,0,11600.0
YMM251121-00000020,SMF13166336,♥1년 중 20일만 맛 볼 수 있는 고당도 노지 황금향♥,일반,4.5,1,29000.0,20000.0,9000,0.3103448275862069,0,6444.444444444444
YMM251121-00000021,SMF13166336,♥1년 중 20일만 맛 볼 수 있는 고당도 노지 황금향♥,일반,4.5,1,29000.0,20000.0,9000,0.3103448275862069,0,6444.444444444444
YMM251121-00000022,SMF13166336,♥1년 중 20일만 맛 볼 수 있는 고당도 노지 황금향♥,일반,4.5,1,29000.0,20000.0,9000,0.3103448275862069,0,6444.444444444444
YMM251121-00000024,SMF13166336,♥1년 중 20일만 맛 볼 수 있는 고당도 노지 황금향♥,일반,9.0,1,45000.0,30000.0,15000,0.3333333333333333,0,5000.0
YMM251121-00000026,SMF28240458,과즙폭발 꿀당도 보장 감귤 [유라실생],소과,3.0,1,24900.0,24900.0,0,0.0,0,8300.0
YMM251121-00000027,SMF13166336,♥1년 중 20일만 맛 볼 수 있는 고당도 노지 황금향♥,일반,4.5,1,29000.0,20000.0,9000,0.3103448275862069,0,6444.444444444444
YMM251122-00000001,SMF14158451,초고당도 타이벡감귤 2025년 첫 수확,일반,2.5,1,29000.0,19000.0,10000,0.3448275862068966,0,11600.0
YMM251122-00000002,SMF13166336,♥1년 중 20일만 맛 볼 수 있는 고당도 노지 황금향♥,일반,4.5,1,29000.0,20000.0,9000,0.3103448275862069,0,6444.444444444444
YMM251122-00000004,SMF13166336,♥1년 중 20일만 맛 볼 수 있는 고당도 노지 황금향♥,일반,4.5,1,29000.0,20000.0,9000,0.3103448275862069,0,6444.444444444444
YMM251122-00000006,SMF13166336,♥1년 중 20일만 맛 볼 수 있는 고당도 노지 황금향♥,일반,4.5,2,29000.0,20000.0,18000,0.3103448275862069,0,12888.888888888889
YMM251122-00000007,SMF13166336,♥1년 중 20일만 맛 볼 수 있는 고당도 노지 황금향♥,일반,9.0,1,45000.0,30000.0,15000,0.3333333333333333,0,5000.0
YMM251122-00000008,SMF13166336,♥1년 중 20일만 맛 볼 수 있는 고당도 노지 황금향♥,일반,4.5,1,29000.0,20000.0,9000,0.3103448275862069,0,6444.444444444444
YMM251122-00000009,SMF14158451,초고당도 타이벡감귤 2025년 첫 수확,일반,2.5,1,29000.0,19000.0,10000,0.3448275862068966,0,11600.0
YMM251122-00000011,SMF14158451,초고당도 타이벡감귤 2025년 첫 수확,일반,4.5,1,39000.0,29000.0,10000,0.2564102564102564,0,8666.666666666666
YMM251122-00000012,SMF13166336,♥1년 중 20일만 맛 볼 수 있는 고당도 노지 황금향♥,일반,4.5,1,29000.0,20000.0,9000,0.3103448275862069,0,6444.444444444444
YMM251122-00000013,SMF13166336,♥1년 중 20일만 맛 볼 수 있는 고당도 노지 황금향♥,일반,9.0,1,45000.0,30000.0,15000,0.3333333333333333,0,5000.0
YMM251122-00000014,SMF14158451,초고당도 타이벡감귤 2025년 첫 수확,일반,4.5,1,39000.0,29000.0,10000,0.2564102564102564,0,8666.666666666666
YMM251122-00000015,SMF28240458,과즙폭발 꿀당도 보장 감귤 [유라실생],소과,3.0,1,24900.0,24900.0,0,0.0,0,8300.0
YMM251122-00000017,SMF13166336,♥1년 중 20일만 맛 볼 수 있는 고당도 노지 황금향♥,일반,9.0,1,45000.0,30000.0,15000,0.3333333333333333,0,5000.0
YMM251123-00000002,SMF13166336,♥1년 중 20일만 맛 볼 수 있는 고당도 노지 황금향♥,일반,4.5,1,29000.0,20000.0,9000,0.3103448275862069,0,6444.444444444444
YMM251123-00000003,SMF14158451,초고당도 타이벡감귤 2025년 첫 수확,일반,2.5,1,29000.0,19000.0,10000,0.3448275862068966,0,11600.0
YMM251123-00000004,SMF28240458,과즙폭발 꿀당도 보장 감귤 [유라실생],소과,3.0,1,24900.0,24900.0,0,0.0,0,8300.0
YMM251123-00000005,SMF13166336,♥1년 중 20일만 맛 볼 수 있는 고당도 노지 황금향♥,일반,4.5,1,29000.0,20000.0,9000,0.3103448275862069,0,6444.444444444444
YMM251123-00000007,SMF14158451,초고당도 타이벡감귤 2025년 첫 수확,일반,2.5,1,29000.0,19000.0,10000,0.3448275862068966,0,11600.0
YMM251123-00000008,SMF14158451,초고당도 타이벡감귤 2025년 첫 수확,일반,2.5,1,29000.0,19000.0,10000,0.3448275862068966,0,11600.0
YMM251123-00000009,SMF13166336,♥1년 중 20일만 맛 볼 수 있는 고당도 노지 황금향♥,일반,4.5,1,29000.0,20000.0,9000,0.3103448275862069,0,6444.444444444444
YMM251123-00000010,SMF14158451,초고당도 타이벡감귤 2025년 첫 수확,일반,2.5,1,29000.0,19000.0,10000,0.3448275862068966,0,11600.0
YMM251123-00000011,SMF14158451,초고당도 타이벡감귤 2025년 첫 수확,일반,2.5,1,29000.0,19000.0,10000,0.3448275862068966,0,11600.0
YMM251123-00000012,SMF14158451,초고당도 타이벡감귤 2025년 첫 수확,일반,4.5,1,39000.0,29000.0,10000,0.2564102564102564,0,8666.666666666666
YMM251123-00000013,SMF14158451,초고당도 타이벡감귤 2025년 첫 수확,일반,4.5,1,39000.0,29000.0,10000,0.2564102564102564,0,8666.666666666666
YMM251123-00000014,SMF14158451,초고당도 타이벡감귤 2025년 첫 수확,일반,4.5,1,39000.0,29000.0,10000,0.2564102564102564,0,8666.666666666666
YMM251123-00000015,SMF28240458,과즙폭발 꿀당도 보장 감귤 [유라실생],소과,3.0,1,24900.0,24900.0,0,0.0,0,8300.0
YMM251123-00000018,SMF28240458,과즙폭발 꿀당도 보장 감귤 [유라실생],소과,3.0,1,24900.0,24900.0,0,0.0,0,8300.0
YMM251123-00000019,SMF28240458,과즙폭발 꿀당도 보장 감귤 [유라실생],소과,3.0,1,24900.0,24900.0,0,0.0,0,8300.0
YMM251123-00000020,SMF13166336,♥1년 중 20일만 맛 볼 수 있는 고당도 노지 황금향♥,일반,4.5,1,29000.0,20000.0,9000,0.3103448275862069,0,6444.444444444444
YMM251123-00000023,SMF13166336,♥1년 중 20일만 맛 볼 수 있는 고당도 노지 황금향♥,일반,9.0,1,45000.0,30000.0,15000,0.3333333333333333,0,5000.0
YMM251123-00000024,SMF14158451,초고당도 타이벡감귤 2025년 첫 수확,일반,4.5,1,39000.0,29000.0,10000,0.2564102564102564,0,8666.666666666666
YMM251123-00000026,SMF13166336,♥1년 중 20일만 맛 볼 수 있는 고당도 노지 황금향♥,일반,4.5,1,29000.0,20000.0,9000,0.3103448275862069,0,6444.444444444444
YMM251123-00000027,SMF13166336,♥1년 중 20일만 맛 볼 수 있는 고당도 노지 황금향♥,일반,4.5,1,29000.0,20000.0,9000,0.3103448275862069,0,6444.444444444444
YMM251124-00000002,SMF13166336,♥1년 중 20일만 맛 볼 수 있는 고당도 노지 황금향♥,일반,4.5,1,29000.0,20000.0,9000,0.3103448275862069,0,6444.444444444444
YMM251124-00000003,SMF14158451,초고당도 타이벡감귤 2025년 첫 수확,일반,2.5,1,29000.0,19000.0,10000,0.3448275862068966,0,11600.0
YMM251124-00000004,SMF13166336,♥1년 중 20일만 맛 볼 수 있는 고당도 노지 황금향♥,일반,4.5,1,29000.0,20000.0,9000,0.3103448275862069,0,6444.444444444444
YMM251124-00000005,SMF13166336,♥1년 중 20일만 맛 볼 수 있는 고당도 노지 황금향♥,일반,4.5,2,29000.0,20000.0,18000,0.3103448275862069,0,12888.888888888889
YMM251124-00000006,SMF13166336,♥1년 중 20일만 맛 볼 수 있는 고당도 노지 황금향♥,일반,4.5,1,29000.0,20000.0,9000,0.3103448275862069,0,6444.444444444444
YMM251124-00000008,SMF13166336,♥1년 중 20일만 맛 볼 수 있는 고당도 노지 황금향♥,일반,4.5,1,29000.0,20000.0,9000,0.3103448275862069,0,6444.444444444444
YMM251124-00000009,SMF14158451,초고당도 타이벡감귤 2025년 첫 수확,일반,4.5,1,39000.0,29000.0,10000,0.2564102564102564,0,8666.666666666666
YMM251124-00000010,SMF14158451,초고당도 타이벡감귤 2025년 첫 수확,일반,4.5,1,39000.0,29000.0,10000,0.2564102564102564,0,8666.666666666666
YMM251124-00000011,SMF14158451,초고당도 타이벡감귤 2025년 첫 수확,일반,4.5,1,39000.0,29000.0,10000,0.2564102564102564,0,8666.666666666666
YMM251124-00000012,SMF14158451,초고당도 타이벡감귤 2025년 첫 수확,일반,4.5,1,39000.0,29000.0,10000,0.2564102564102564,0,8666.666666666666
YMM251124-00000013,SMF14158451,초고당도 타이벡감귤 2025년 첫 수확,일반,4.5,1,39000.0,29000.0,10000,0.2564102564102564,0,8666.666666666666
YMM251124-00000014,SMF13166336,♥1년 중 20일만 맛 볼 수 있는 고당도 노지 황금향♥,일반,4.5,1,29000.0,20000.0,9000,0.3103448275862069,0,6444.444444444444
YMM251124-00000015,SMF13166336,♥1년 중 20일만 맛 볼 수 있는 고당도 노지 황금향♥,일반,4.5,1,29000.0,20000.0,9000,0.3103448275862069,0,6444.444444444444
YMM251124-00000016,SMF13166336,♥1년 중 20일만 맛 볼 수 있는 고당도 노지 황금향♥,일반,4.5,1,29000.0,20000.0,9000,0.3103448275862069,0,6444.444444444444
YMM251124-00000017,SMF13166336,♥1년 중 20일만 맛 볼 수 있는 고당도 노지 황금향♥,일반,4.5,1,29000.0,20000.0,9000,0.3103448275862069,0,6444.444444444444
YMM251124-00000018,SMF28240458,과즙폭발 꿀당도 보장 감귤 [유라실생],소과,10.0,1,44900.0,44900.0,0,0.0,0,4490.0
YMM251124-00000019,SMF13166336,♥1년 중 20일만 맛 볼 수 있는 고당도 노지 황금향♥,일반,4.5,1,29000.0,20000.0,9000,0.3103448275862069,0,6444.444444444444
YMM251124-00000020,SMF14158451,초고당도 타이벡감귤 2025년 첫 수확,일반,2.5,1,29000.0,19000.0,10000,0.3448275862068966,0,11600.0
YMM251124-00000021,SMF14158451,초고당도 타이벡감귤 2025년 첫 수확,일반,2.5,1,29000.0,19000.0,10000,0.3448275862068966,0,11600.0
YMM251124-00000022,SMF13166336,♥1년 중 20일만 맛 볼 수 있는 고당도 노지 황금향♥,일반,4.5,1,29000.0,20000.0,9000,0.3103448275862069,0,6444.444444444444
YMM251124-00000023,SMF28240458,과즙폭발 꿀당도 보장 감귤 [유라실생],소과,3.0,1,24900.0,24900.0,0,0.0,0,8300.0
YMM251124-00000024,SMF14158451,초고당도 타이벡감귤 2025년 첫 수확,일반,2.5,1,29000.0,19000.0,10000,0.3448275862068966,0,11600.0
YMM251124-00000025,SMF28240458,과즙폭발 꿀당도 보장 감귤 [유라실생],소과,5.0,2,34900.0,34900.0,0,0.0,0,13960.0
YMM251124-00000026,SMF28240458,과즙폭발 꿀당도 보장 감귤 [유라실생],소과,3.0,1,24900.0,24900.0,0,0.0,0,8300.0
YMM251124-00000027,SMF14158451,초고당도 타이벡감귤 2025년 첫 수확,일반,2.5,1,29000.0,19000.0,10000,0.3448275862068966,0,11600.0
YMM251124-00000028,SMF28240458,과즙폭발 꿀당도 보장 감귤 [유라실생],소과,5.0,1,34900.0,34900.0,0,0.0,0,6980.0
YMM251124-00000029,SMF13166336,♥1년 중 20일만 맛 볼 수 있는 고당도 노지 황금향♥,일반,9.0,2,45000.0,30000.0,30000,0.3333333333333333,0,10000.0
YMM251124-00000030,SMF13166336,♥1년 중 20일만 맛 볼 수 있는 고당도 노지 황금향♥,일반,4.5,1,29000.0,20000.0,9000,0.3103448275862069,0,6444.444444444444
YMM251124-00000031,SMF13166336,♥1년 중 20일만 맛 볼 수 있는 고당도 노지 황금향♥,일반,9.0,1,45000.0,30000.0,15000,0.3333333333333333,0,5000.0
YMM251124-00000032,SMF14158451,초고당도 타이벡감귤 2025년 첫 수확,일반,2.5,1,29000.0,19000.0,10000,0.3448275862068966,0,11600.0
YMM251124-00000033,SMF13166336,♥1년 중 20일만 맛 볼 수 있는 고당도 노지 황금향♥,일반,9.0,1,45000.0,30000.0,15000,0.3333333333333333,0,5000.0
YMM251124-00000034,SMF13166336,♥1년 중 20일만 맛 볼 수 있는 고당도 노지 황금향♥,일반,9.0,1,45000.0,30000.0,15000,0.3333333333333333,0,5000.0
YMM251124-00000036,SMF14158451,초고당도 타이벡감귤 2025년 첫 수확,일반,2.5,1,29000.0,19000.0,10000,0.3448275862068966,0,11600.0
YMM251124-00000037,SMF14158451,초고당도 타이벡감귤 2025년 첫 수확,일반,2.5,1,29000.0,19000.0,10000,0.3448275862068966,0,11600.0
YMM251124-00000038,SMF28240458,과즙폭발 꿀당도 보장 감귤 [유라실생],소과,5.0,1,34900.0,34900.0,0,0.0,0,6980.0
YMM251125-00000001,SMF28240458,과즙폭발 꿀당도 보장 감귤 [유라실생],소과,3.0,1,24900.0,24900.0,0,0.0,0,8300.0
YMM251125-00000002,SMF14158451,초고당도 타이벡감귤 2025년 첫 수확,일반,2.5,1,29000.0,19000.0,10000,0.3448275862068966,0,11600.0
YMM251125-00000003,SMF13166336,♥1년 중 20일만 맛 볼 수 있는 고당도 노지 황금향♥,일반,9.0,1,45000.0,30000.0,15000,0.3333333333333333,0,5000.0
YMM251125-00000004,SMF13166336,♥1년 중 20일만 맛 볼 수 있는 고당도 노지 황금향♥,일반,9.0,1,45000.0,30000.0,15000,0.3333333333333333,0,5000.0
YMM251125-00000005,SMF14158451,초고당도 타이벡감귤 2025년 첫 수확,일반,4.5,1,39000.0,29000.0,10000,0.2564102564102564,0,8666.666666666666
YMM251125-00000006,SMF13166336,♥1년 중 20일만 맛 볼 수 있는 고당도 노지 황금향♥,일반,9.0,5,45000.0,30000.0,75000,0.3333333333333333,0,25000.0
YMM251125-00000008,SMF28240458,과즙폭발 꿀당도 보장 감귤 [유라실생],소과,5.0,1,34900.0,34900.0,0,0.0,0,6980.0
YMM251125-00000009,SMF28240458,과즙폭발 꿀당도 보장 감귤 [유라실생],소과,3.0,1,24900.0,24900.0,0,0.0,0,8300.0
YMM251125-00000010,SMF28240458,과즙폭발 꿀당도 보장 감귤 [유라실생],소과,5.0,1,34900.0,34900.0,0,0.0,0,6980.0
YMM251125-00000012,SMF13166336,♥1년 중 20일만 맛 볼 수 있는 고당도 노지 황금향♥,일반,4.5,1,29000.0,20000.0,9000,0.3103448275862069,0,6444.444444444444
YMM251125-00000013,SMF13166336,♥1년 중 20일만 맛 볼 수 있는 고당도 노지 황금향♥,일반,4.5,1,29000.0,20000.0,9000,0.3103448275862069,0,6444.444444444444
YMM251125-00000014,SMF13166336,♥1년 중 20일만 맛 볼 수 있는 고당도 노지 황금향♥,일반,4.5,1,29000.0,20000.0,9000,0.3103448275862069,0,6444.444444444444
YMM251125-00000015,SMF13166336,♥1년 중 20일만 맛 볼 수 있는 고당도 노지 황금향♥,일반,9.0,1,45000.0,30000.0,15000,0.3333333333333333,0,5000.0
YMM251125-00000017,SMF28240458,과즙폭발 꿀당도 보장 감귤 [유라실생],소과,5.0,1,34900.0,34900.0,0,0.0,0,6980.0
YMM251125-00000019,SMF87201852,초고당도 타이벡감귤 2025년 첫 수확,일반,5.0,1,35000.0,20000.0,15000,0.42857142857142855,0,7000.0
YMM251125-00000020,SMF14158451,초고당도 타이벡감귤 2025년 첫 수확,일반,4.5,2,39000.0,29000.0,20000,0.2564102564102564,0,17333.333333333332
YMM251125-00000021,SMF13166336,♥1년 중 20일만 맛 볼 수 있는 고당도 노지 황금향♥,일반,4.5,2,29000.0,20000.0,18000,0.3103448275862069,0,12888.888888888889
YMM251125-00000022,SMF13166336,♥1년 중 20일만 맛 볼 수 있는 고당도 노지 황금향♥,일반,4.5,1,29000.0,20000.0,9000,0.3103448275862069,0,6444.444444444444
YMM251125-00000023,SMF14158451,초고당도 타이벡감귤 2025년 첫 수확,일반,4.5,1,39000.0,29000.0,10000,0.2564102564102564,0,8666.666666666666
YMM251125-00000024,SMF13166336,♥1년 중 20일만 맛 볼 수 있는 고당도 노지 황금향♥,일반,4.5,1,29000.0,20000.0,9000,0.3103448275862069,0,6444.444444444444
YMM251125-00000025,SMF13166336,♥1년 중 20일만 맛 볼 수 있는 고당도 노지 황금향♥,일반,4.5,1,29000.0,20000.0,9000,0.3103448275862069,0,6444.444444444444
YMM251125-00000026,SMF14158451,초고당도 타이벡감귤 2025년 첫 수확,일반,2.5,1,29000.0,19000.0,10000,0.3448275862068966,0,11600.0
YMM251125-00000027,SMF14158451,초고당도 타이벡감귤 2025년 첫 수확,일반,2.5,1,29000.0,19000.0,10000,0.3448275862068966,0,11600.0
YMM251125-00000028,SMF28240458,과즙폭발 꿀당도 보장 감귤 [유라실생],소과,3.0,1,24900.0,24900.0,0,0.0,0,8300.0
YMM251125-00000029,SMF14158451,초고당도 타이벡감귤 2025년 첫 수확,일반,4.5,1,39000.0,29000.0,10000,0.2564102564102564,0,8666.666666666666
YMM251125-00000032,SMF14158451,초고당도 타이벡감귤 2025년 첫 수확,일반,2.5,1,29000.0,19000.0,10000,0.3448275862068966,0,11600.0
YMM251125-00000033,SMF13166336,♥1년 중 20일만 맛 볼 수 있는 고당도 노지 황금향♥,일반,4.5,1,29000.0,20000.0,9000,0.3103448275862069,0,6444.444444444444
YMM251125-00000035,SMF13166336,♥1년 중 20일만 맛 볼 수 있는 고당도 노지 황금향♥,일반,9.0,1,45000.0,30000.0,15000,0.3333333333333333,0,5000.0
YMM251126-00000001,SMF13166336,♥1년 중 20일만 맛 볼 수 있는 고당도 노지 황금향♥,일반,4.5,1,29000.0,20000.0,9000,0.3103448275862069,0,6444.444444444444
YMM251126-00000002,SMF14158451,초고당도 타이벡감귤 2025년 첫 수확,일반,4.5,1,39000.0,29000.0,10000,0.2564102564102564,0,8666.666666666666
YMM251126-00000004,SMF14158451,초고당도 타이벡감귤 2025년 첫 수확,일반,2.5,1,29000.0,19000.0,10000,0.3448275862068966,0,11600.0
YMM251126-00000005,SMF13166336,♥1년 중 20일만 맛 볼 수 있는 고당도 노지 황금향♥,일반,4.5,1,29000.0,20000.0,9000,0.3103448275862069,0,6444.444444444444
YMM251126-00000006,SMF87201852,초고당도 타이벡감귤 2025년 첫 수확,일반,5.0,1,35000.0,20000.0,15000,0.42857142857142855,0,7000.0
YMM251126-00000007,SMF87201852,초고당도 타이벡감귤 2025년 첫 수확,일반,5.0,1,35000.0,20000.0,15000,0.42857142857142855,0,7000.0
YMM251126-00000009,SMF13166336,♥1년 중 20일만 맛 볼 수 있는 고당도 노지 황금향♥,일반,4.5,1,29000.0,20000.0,9000,0.3103448275862069,0,6444.444444444444
YMM251126-00000010,SMF14158451,초고당도 타이벡감귤 2025년 첫 수확,일반,2.5,1,29000.0,19000.0,10000,0.3448275862068966,0,11600.0
YMM251126-00000012,SMF87201852,초고당도 타이벡감귤 2025년 첫 수확,일반,9.0,1,55000.0,29000.0,26000,0.4727272727272727,0,6111.111111111111
YMM251126-00000013,SMF14158451,초고당도 타이벡감귤 2025년 첫 수확,일반,2.5,1,29000.0,19000.0,10000,0.3448275862068966,0,11600.0
YMM251126-00000014,SMF13166336,♥1년 중 20일만 맛 볼 수 있는 고당도 노지 황금향♥,일반,4.5,1,29000.0,20000.0,9000,0.3103448275862069,0,6444.444444444444
YMM251126-00000015,SMF13166336,♥1년 중 20일만 맛 볼 수 있는 고당도 노지 황금향♥,일반,4.5,1,29000.0,20000.0,9000,0.3103448275862069,0,6444.444444444444
YMM251126-00000016,SMF13166336,♥1년 중 20일만 맛 볼 수 있는 고당도 노지 황금향♥,일반,4.5,1,29000.0,20000.0,9000,0.3103448275862069,0,6444.444444444444
YMM251126-00000017,SMF13166336,♥1년 중 20일만 맛 볼 수 있는 고당도 노지 황금향♥,일반,4.5,1,29000.0,20000.0,9000,0.3103448275862069,0,6444.444444444444
YMM251126-00000018,SMF13166336,♥1년 중 20일만 맛 볼 수 있는 고당도 노지 황금향♥,일반,4.5,1,29000.0,20000.0,9000,0.3103448275862069,0,6444.444444444444
YMM251126-00000022,SMF13166336,♥1년 중 20일만 맛 볼 수 있는 고당도 노지 황금향♥,일반,4.5,1,29000.0,20000.0,9000,0.3103448275862069,0,6444.444444444444
YMM251126-00000024,SMF28240458,과즙폭발 꿀당도 보장 감귤 [유라실생],소과,3.0,1,24900.0,24900.0,0,0.0,0,8300.0
YMM251126-00000025,SMF14158451,초고당도 타이벡감귤 2025년 첫 수확,일반,4.5,1,39000.0,29000.0,10000,0.2564102564102564,0,8666.666666666666
YMM251126-00000026,SMF13166336,♥1년 중 20일만 맛 볼 수 있는 고당도 노지 황금향♥,일반,4.5,1,29000.0,20000.0,9000,0.3103448275862069,0,6444.444444444444
YMM251126-00000027,SMF14158451,초고당도 타이벡감귤 2025년 첫 수확,일반,4.5,1,39000.0,29000.0,10000,0.2564102564102564,0,8666.666666666666
YMM251126-00000028,SMF13166336,♥1년 중 20일만 맛 볼 수 있는 고당도 노지 황금향♥,일반,9.0,1,45000.0,30000.0,15000,0.3333333333333333,0,5000.0
YMM251126-00000029,SMF14158451,초고당도 타이벡감귤 2025년 첫 수확,일반,2.5,1,29000.0,19000.0,10000,0.3448275862068966,0,11600.0
YMM251126-00000030,SMF13166336,♥1년 중 20일만 맛 볼 수 있는 고당도 노지 황금향♥,일반,4.5,1,29000.0,20000.0,9000,0.3103448275862069,0,6444.444444444444
YMM251126-00000031,SMF14158451,초고당도 타이벡감귤 2025년 첫 수확,일반,4.5,1,39000.0,29000.0,10000,0.2564102564102564,0,8666.666666666666
YMM251126-00000032,SMF14158451,초고당도 타이벡감귤 2025년 첫 수확,일반,2.5,1,29000.0,19000.0,10000,0.3448275862068966,0,11600.0
YMM251126-00000033,SMF14158451,초고당도 타이벡감귤 2025년 첫 수확,일반,2.5,1,29000.0,19000.0,10000,0.3448275862068966,0,11600.0
YMM251126-00000034,SMF14158451,초고당도 타이벡감귤 2025년 첫 수확,일반,4.5,1,39000.0,29000.0,10000,0.2564102564102564,0,8666.666666666666
YMM251126-00000035,SMF14158451,초고당도 타이벡감귤 2025년 첫 수확,일반,4.5,1,39000.0,29000.0,10000,0.2564102564102564,0,8666.666666666666
YMM251126-00000038,SMF14158451,초고당도 타이벡감귤 2025년 첫 수확,일반,4.5,1,39000.0,29000.0,10000,0.2564102564102564,0,8666.666666666666
YMM251025-00000040,SMF97813435,과즙폭발 꿀당도 보장 고당도 감귤 2kg + 황금향 2kg,일반,2.0,1,33000.0,23000.0,10000,0.30303030303030304,0,16500.0
YMM251025-00000041,SMF28240458,과즙폭발 꿀당도 보장 감귤 [유라실생],소과,3.0,1,24900.0,24900.0,0,0.0,0,8300.0
YMM251025-00000042,SMF29718566,제주 산지직송 황금향 선물세트 가정용,중대과,2.5,1,39000.0,25000.0,14000,0.358974358974359,0,15600.0
YMM251025-00000043,SMF97813435,과즙폭발 꿀당도 보장 고당도 감귤 2kg + 황금향 2kg,일반,2.0,1,33000.0,23000.0,10000,0.30303030303030304,0,16500.0
YMM251025-00000044,SMF87846210,"2025 첫수확 노지감귤 가정용 3kg, 5kg",소과,3.0,1,17000.0,8800.0,8200,0.4823529411764706,0,5666.666666666667
YMM251025-00000045,SMF97813435,과즙폭발 꿀당도 보장 고당도 감귤 2kg + 황금향 2kg,일반,2.0,1,33000.0,23000.0,10000,0.30303030303030304,0,16500.0
YMM251025-00000046,SMF97813435,과즙폭발 꿀당도 보장 고당도 감귤 2kg + 황금향 2kg,일반,2.0,1,33000.0,23000.0,10000,0.30303030303030304,0,16500.0
YMM251025-00000047,SMF87846210,"2025 첫수확 노지감귤 가정용 3kg, 5kg",소과,10.0,1,35000.0,23000.0,12000,0.34285714285714286,0,3500.0
YMM251025-00000048,SMF28240458,과즙폭발 꿀당도 보장 감귤 [유라실생],소과,3.0,1,24900.0,24900.0,0,0.0,0,8300.0
YMM251025-00000049,SMF97813435,과즙폭발 꿀당도 보장 고당도 감귤 2kg + 황금향 2kg,일반,2.0,1,33000.0,23000.0,10000,0.30303030303030304,0,16500.0
YMM251025-00000050,SMF97813435,과즙폭발 꿀당도 보장 고당도 감귤 2kg + 황금향 2kg,일반,2.0,1,33000.0,23000.0,10000,0.30303030303030304,0,16500.0
YMM251025-00000051,SMF97813435,과즙폭발 꿀당도 보장 고당도 감귤 2kg + 황금향 2kg,일반,2.0,1,33000.0,23000.0,10000,0.30303030303030304,0,16500.0
YMM251025-00000052,SMF97813435,과즙폭발 꿀당도 보장 고당도 감귤 2kg + 황금향 2kg,일반,2.0,1,33000.0,23000.0,10000,0.30303030303030304,0,16500.0
YMM251025-00000053,SMF97813435,과즙폭발 꿀당도 보장 고당도 감귤 2kg + 황금향 2kg,일반,2.0,1,33000.0,23000.0,10000,0.30303030303030304,0,16500.0
YMM251025-00000054,SMF97813435,과즙폭발 꿀당도 보장 고당도 감귤 2kg + 황금향 2kg,일반,2.0,1,33000.0,23000.0,10000,0.30303030303030304,0,16500.0
YMM251025-00000055,SMF97813435,과즙폭발 꿀당도 보장 고당도 감귤 2kg + 황금향 2kg,일반,2.0,1,33000.0,23000.0,10000,0.30303030303030304,0,16500.0
YMM251025-00000056,SMF28240458,과즙폭발 꿀당도 보장 감귤 [유라실생],소과,5.0,1,34900.0,34900.0,0,0.0,0,6980.0
YMM251025-00000057,SMF87846210,"2025 첫수확 노지감귤 가정용 3kg, 5kg",로얄과,3.0,1,17000.0,8800.0,8200,0.4823529411764706,0,5666.666666666667
YMM251025-00000058,SMF87846210,"2025 첫수확 노지감귤 가정용 3kg, 5kg",소과,3.0,1,17000.0,8800.0,8200,0.4823529411764706,0,5666.666666666667
YMM251025-00000059,SMF87846210,"2025 첫수확 노지감귤 가정용 3kg, 5kg",소과,5.0,1,24000.0,13300.0,10700,0.44583333333333336,0,4800.0
YMM251025-00000060,SMF28240458,과즙폭발 꿀당도 보장 감귤 [유라실생],소과,3.0,1,24900.0,24900.0,0,0.0,0,8300.0
YMM251025-00000067,SMF28240458,과즙폭발 꿀당도 보장 감귤 [유라실생],소과,5.0,1,34900.0,34900.0,0,0.0,0,6980.0
YMM251025-00000068,SMF87846210,"2025 첫수확 노지감귤 가정용 3kg, 5kg",소과,3.0,1,17000.0,8800.0,8200,0.4823529411764706,0,5666.666666666667
YMM251025-00000070,SMF28240458,과즙폭발 꿀당도 보장 감귤 [유라실생],소과,10.0,1,44900.0,44900.0,0,0.0,0,4490.0
YMM251025-00000071,SMF28240458,과즙폭발 꿀당도 보장 감귤 [유라실생],소과,10.0,1,44900.0,44900.0,0,0.0,0,4490.0
YMM251025-00000072,SMF87846210,"2025 첫수확 노지감귤 가정용 3kg, 5kg",소과,3.0,1,17000.0,8800.0,8200,0.4823529411764706,0,5666.666666666667
YMM251025-00000076,SMF87846210,"2025 첫수확 노지감귤 가정용 3kg, 5kg",소과,5.0,1,24000.0,13300.0,10700,0.44583333333333336,0,4800.0
YMM251025-00000077,SMF28240458,과즙폭발 꿀당도 보장 감귤 [유라실생],소과,10.0,1,44900.0,44900.0,0,0.0,0,4490.0
YMM251025-00000080,SMF87846210,"2025 첫수확 노지감귤 가정용 3kg, 5kg",로얄과,5.0,1,24000.0,13300.0,10700,0.44583333333333336,0,4800.0
YMM251025-00000081,SMF97813435,과즙폭발 꿀당도 보장 고당도 감귤 2kg + 황금향 2kg,일반,2.0,1,33000.0,23000.0,10000,0.30303030303030304,0,16500.0
YMM251025-00000082,SMF87846210,"2025 첫수확 노지감귤 가정용 3kg, 5kg",소과,3.0,1,17000.0,8800.0,8200,0.4823529411764706,0,5666.666666666667
YMM251025-00000083,SMF97813435,과즙폭발 꿀당도 보장 고당도 감귤 2kg + 황금향 2kg,일반,2.0,1,33000.0,23000.0,10000,0.30303030303030304,0,16500.0
YMM251025-00000085,SMF28240458,과즙폭발 꿀당도 보장 감귤 [유라실생],소과,10.0,1,44900.0,44900.0,0,0.0,0,4490.0
YMM251025-00000086,SMF87846210,"2025 첫수확 노지감귤 가정용 3kg, 5kg",소과,3.0,1,17000.0,8800.0,8200,0.4823529411764706,0,5666.666666666667
YMM251025-00000087,SMF87846210,"2025 첫수확 노지감귤 가정용 3kg, 5kg",소과,3.0,1,17000.0,8800.0,8200,0.4823529411764706,0,5666.666666666667
YMM251025-00000088,SMF28240458,과즙폭발 꿀당도 보장 감귤 [유라실생],소과,3.0,1,24900.0,24900.0,0,0.0,0,8300.0
YMM251025-00000089,SMF87846210,"2025 첫수확 노지감귤 가정용 3kg, 5kg",로얄과,3.0,1,17000.0,8800.0,8200,0.4823529411764706,0,5666.666666666667
YMM251025-00000090,SMF28240458,과즙폭발 꿀당도 보장 감귤 [유라실생],소과,5.0,1,34900.0,34900.0,0,0.0,0,6980.0
YMM251025-00000091,SMF97813435,과즙폭발 꿀당도 보장 고당도 감귤 2kg + 황금향 2kg,일반,2.0,1,33000.0,23000.0,10000,0.30303030303030304,0,16500.0
YMM251025-00000093,SMF28240458,과즙폭발 꿀당도 보장 감귤 [유라실생],소과,5.0,1,34900.0,34900.0,0,0.0,0,6980.0
YMM251025-00000095,SMF87846210,"2025 첫수확 노지감귤 가정용 3kg, 5kg",소과,3.0,1,17000.0,8800.0,8200,0.4823529411764706,0,5666.666666666667
YMM251025-00000096,SMF97813435,과즙폭발 꿀당도 보장 고당도 감귤 2kg + 황금향 2kg,일반,2.0,1,33000.0,23000.0,10000,0.30303030303030304,0,16500.0
YMM251025-00000097,SMF87846210,"2025 첫수확 노지감귤 가정용 3kg, 5kg",소과,3.0,1,17000.0,8800.0,8200,0.4823529411764706,0,5666.666666666667
YMM251025-00000098,SMF87846210,"2025 첫수확 노지감귤 가정용 3kg, 5kg",로얄과,3.0,1,17000.0,8800.0,8200,0.4823529411764706,0,5666.666666666667
YMM251025-00000100,SMF28240458,과즙폭발 꿀당도 보장 감귤 [유라실생],소과,5.0,1,34900.0,34900.0,0,0.0,0,6980.0
YMM251025-00000101,SMF97813435,과즙폭발 꿀당도 보장 고당도 감귤 2kg + 황금향 2kg,일반,2.0,1,33000.0,23000.0,10000,0.30303030303030304,0,16500.0
YMM251025-00000102,SMF28240458,과즙폭발 꿀당도 보장 감귤 [유라실생],소과,10.0,1,44900.0,44900.0,0,0.0,0,4490.0
YMM251025-00000103,SMF97813435,과즙폭발 꿀당도 보장 고당도 감귤 2kg + 황금향 2kg,일반,2.0,1,33000.0,23000.0,10000,0.30303030303030304,0,16500.0
YMM251025-00000105,SMF97813435,과즙폭발 꿀당도 보장 고당도 감귤 2kg + 황금향 2kg,일반,2.0,1,33000.0,23000.0,10000,0.30303030303030304,0,16500.0
YMM251026-00000002,SMF97813435,과즙폭발 꿀당도 보장 고당도 감귤 2kg + 황금향 2kg,일반,2.0,1,33000.0,23000.0,10000,0.30303030303030304,0,16500.0
YMM251026-00000003,SMF87846210,"2025 첫수확 노지감귤 가정용 3kg, 5kg",소과,5.0,1,24000.0,13300.0,10700,0.44583333333333336,0,4800.0
YMM251026-00000004,SMF28240458,과즙폭발 꿀당도 보장 감귤 [유라실생],소과,5.0,1,34900.0,34900.0,0,0.0,0,6980.0
YMM251026-00000005,SMF97813435,과즙폭발 꿀당도 보장 고당도 감귤 2kg + 황금향 2kg,일반,2.0,1,33000.0,23000.0,10000,0.30303030303030304,0,16500.0
YMM251026-00000006,SMF87846210,"2025 첫수확 노지감귤 가정용 3kg, 5kg",소과,5.0,1,24000.0,13300.0,10700,0.44583333333333336,0,4800.0
YMM251026-00000007,SMF29718566,제주 산지직송 황금향 선물세트 가정용,중대과,4.5,1,54000.0,40000.0,14000,0.25925925925925924,0,12000.0
YMM251026-00000008,SMF97813435,과즙폭발 꿀당도 보장 고당도 감귤 2kg + 황금향 2kg,일반,2.0,1,33000.0,23000.0,10000,0.30303030303030304,0,16500.0
YMM251026-00000009,SMF97813435,과즙폭발 꿀당도 보장 고당도 감귤 2kg + 황금향 2kg,일반,2.0,1,33000.0,23000.0,10000,0.30303030303030304,0,16500.0
YMM251026-00000010,SMF28240458,과즙폭발 꿀당도 보장 감귤 [유라실생],소과,5.0,1,34900.0,34900.0,0,0.0,0,6980.0
YMM251026-00000012,SMF97813435,과즙폭발 꿀당도 보장 고당도 감귤 2kg + 황금향 2kg,일반,2.0,1,33000.0,23000.0,10000,0.30303030303030304,0,16500.0
YMM251026-00000013,SMF97813435,과즙폭발 꿀당도 보장 고당도 감귤 2kg + 황금향 2kg,일반,2.0,1,33000.0,23000.0,10000,0.30303030303030304,0,16500.0
YMM251026-00000014,SMF97813435,과즙폭발 꿀당도 보장 고당도 감귤 2kg + 황금향 2kg,일반,2.0,1,33000.0,23000.0,10000,0.30303030303030304,0,16500.0
YMM251026-00000015,SMF28240458,과즙폭발 꿀당도 보장 감귤 [유라실생],소과,3.0,1,24900.0,24900.0,0,0.0,0,8300.0
YMM251026-00000016,SMF87846210,"2025 첫수확 노지감귤 가정용 3kg, 5kg",소과,10.0,1,35000.0,23000.0,12000,0.34285714285714286,0,3500.0
YMM251026-00000017,SMF97813435,과즙폭발 꿀당도 보장 고당도 감귤 2kg + 황금향 2kg,일반,2.0,1,33000.0,23000.0,10000,0.30303030303030304,0,16500.0
YMM251026-00000018,SMF97813435,과즙폭발 꿀당도 보장 고당도 감귤 2kg + 황금향 2kg,일반,2.0,1,33000.0,23000.0,10000,0.30303030303030304,0,16500.0
YMM251026-00000019,SMF28240458,과즙폭발 꿀당도 보장 감귤 [유라실생],소과,5.0,1,34900.0,34900.0,0,0.0,0,6980.0
YMM251026-00000020,SMF28240458,과즙폭발 꿀당도 보장 감귤 [유라실생],소과,3.0,2,24900.0,24900.0,0,0.0,0,16600.0
YMM251026-00000021,SMF87846210,"2025 첫수확 노지감귤 가정용 3kg, 5kg",로얄과,10.0,1,42000.0,23000.0,19000,0.4523809523809524,0,4200.0
YMM251026-00000022,SMF97813435,과즙폭발 꿀당도 보장 고당도 감귤 2kg + 황금향 2kg,일반,2.0,1,33000.0,23000.0,10000,0.30303030303030304,0,16500.0
YMM251026-00000024,SMF97813435,과즙폭발 꿀당도 보장 고당도 감귤 2kg + 황금향 2kg,일반,2.0,2,33000.0,23000.0,20000,0.30303030303030304,0,33000.0
YMM251026-00000025,SMF28240458,과즙폭발 꿀당도 보장 감귤 [유라실생],소과,10.0,1,44900.0,44900.0,0,0.0,0,4490.0
YMM251026-00000026,SMF28240458,과즙폭발 꿀당도 보장 감귤 [유라실생],소과,3.0,2,24900.0,24900.0,0,0.0,0,16600.0
YMM251026-00000027,SMF28240458,과즙폭발 꿀당도 보장 감귤 [유라실생],소과,10.0,1,44900.0,44900.0,0,0.0,0,4490.0
YMM251026-00000029,SMF87846210,"2025 첫수확 노지감귤 가정용 3kg, 5kg",로얄과,5.0,1,24000.0,13300.0,10700,0.44583333333333336,0,4800.0
YMM251026-00000030,SMF87846210,"2025 첫수확 노지감귤 가정용 3kg, 5kg",소과,3.0,1,17000.0,8800.0,8200,0.4823529411764706,0,5666.666666666667
YMM251026-00000031,SMF97813435,과즙폭발 꿀당도 보장 고당도 감귤 2kg + 황금향 2kg,일반,2.0,1,33000.0,23000.0,10000,0.30303030303030304,0,16500.0
YMM251026-00000032,SMF97813435,과즙폭발 꿀당도 보장 고당도 감귤 2kg + 황금향 2kg,일반,2.0,1,33000.0,23000.0,10000,0.30303030303030304,0,16500.0
YMM251026-00000035,SMF97813435,과즙폭발 꿀당도 보장 고당도 감귤 2kg + 황금향 2kg,일반,2.0,1,33000.0,23000.0,10000,0.30303030303030304,0,16500.0
YMM251026-00000036,SMF97813435,과즙폭발 꿀당도 보장 고당도 감귤 2kg + 황금향 2kg,일반,2.0,1,33000.0,23000.0,10000,0.30303030303030304,0,16500.0
YMM251026-00000037,SMF97813435,과즙폭발 꿀당도 보장 고당도 감귤 2kg + 황금향 2kg,일반,2.0,1,33000.0,23000.0,10000,0.30303030303030304,0,16500.0
YMM251026-00000038,SMF28240458,과즙폭발 꿀당도 보장 감귤 [유라실생],소과,3.0,1,24900.0,24900.0,0,0.0,0,8300.0
YMM251026-00000039,SMF87846210,"2025 첫수확 노지감귤 가정용 3kg, 5kg",소과,3.0,1,17000.0,8800.0,8200,0.4823529411764706,0,5666.666666666667
YMM251026-00000041,SMF97813435,과즙폭발 꿀당도 보장 고당도 감귤 2kg + 황금향 2kg,일반,2.0,1,33000.0,23000.0,10000,0.30303030303030304,0,16500.0
YMM251026-00000042,SMF87846210,"2025 첫수확 노지감귤 가정용 3kg, 5kg",로얄과,5.0,1,24000.0,13300.0,10700,0.44583333333333336,0,4800.0
YMM251026-00000043,SMF87846210,"2025 첫수확 노지감귤 가정용 3kg, 5kg",로얄과,3.0,1,17000.0,8800.0,8200,0.4823529411764706,0,5666.666666666667
YMM251026-00000044,SMF97813435,과즙폭발 꿀당도 보장 고당도 감귤 2kg + 황금향 2kg,일반,2.0,1,33000.0,23000.0,10000,0.30303030303030304,0,16500.0
YMM251026-00000045,SMF87846210,"2025 첫수확 노지감귤 가정용 3kg, 5kg",로얄과,3.0,1,17000.0,8800.0,8200,0.4823529411764706,0,5666.666666666667
YMM251026-00000047,SMF87846210,"2025 첫수확 노지감귤 가정용 3kg, 5kg",소과,5.0,1,24000.0,13300.0,10700,0.44583333333333336,0,4800.0
YMM251026-00000048,SMF87846210,"2025 첫수확 노지감귤 가정용 3kg, 5kg",로얄과,3.0,1,17000.0,8800.0,8200,0.4823529411764706,0,5666.666666666667
YMM251026-00000050,SMF97813435,과즙폭발 꿀당도 보장 고당도 감귤 2kg + 황금향 2kg,일반,2.0,2,33000.0,23000.0,20000,0.30303030303030304,0,33000.0
YMM251026-00000051,SMF28240458,과즙폭발 꿀당도 보장 감귤 [유라실생],소과,3.0,1,24900.0,24900.0,0,0.0,0,8300.0
YMM251026-00000052,SMF28240458,과즙폭발 꿀당도 보장 감귤 [유라실생],소과,5.0,1,34900.0,34900.0,0,0.0,0,6980.0
YMM251026-00000053,SMF28240458,과즙폭발 꿀당도 보장 감귤 [유라실생],소과,5.0,1,34900.0,34900.0,0,0.0,0,6980.0
YMM251026-00000055,SMF87846210,"2025 첫수확 노지감귤 가정용 3kg, 5kg",소과,3.0,1,17000.0,8800.0,8200,0.4823529411764706,0,5666.666666666667
YMM251026-00000056,SMF87846210,"2025 첫수확 노지감귤 가정용 3kg, 5kg",소과,3.0,1,17000.0,8800.0,8200,0.4823529411764706,0,5666.666666666667
YMM251026-00000057,SMF28240458,과즙폭발 꿀당도 보장 감귤 [유라실생],소과,3.0,1,24900.0,24900.0,0,0.0,0,8300.0
YMM251026-00000058,SMF28240458,과즙폭발 꿀당도 보장 감귤 [유라실생],소과,3.0,1,24900.0,24900.0,0,0.0,0,8300.0
YMM251026-00000059,SMF87846210,"2025 첫수확 노지감귤 가정용 3kg, 5kg",소과,5.0,1,24000.0,13300.0,10700,0.44583333333333336,0,4800.0
YMM251026-00000060,SMF28240458,과즙폭발 꿀당도 보장 감귤 [유라실생],소과,3.0,1,24900.0,24900.0,0,0.0,0,8300.0
YMM251026-00000061,SMF97813435,과즙폭발 꿀당도 보장 고당도 감귤 2kg + 황금향 2kg,일반,2.0,1,33000.0,23000.0,10000,0.30303030303030304,0,16500.0
YMM251026-00000064,SMF28240458,과즙폭발 꿀당도 보장 감귤 [유라실생],소과,5.0,1,34900.0,34900.0,0,0.0,0,6980.0
YMM251026-00000065,SMF28240458,과즙폭발 꿀당도 보장 감귤 [유라실생],소과,10.0,1,44900.0,44900.0,0,0.0,0,4490.0
YMM251026-00000066,SMF29718566,제주 산지직송 황금향 선물세트 가정용,소과,3.0,1,32000.0,15800.0,16200,0.50625,0,10666.666666666666
YMM251026-00000067,SMF87846210,"2025 첫수확 노지감귤 가정용 3kg, 5kg",소과,5.0,1,24000.0,13300.0,10700,0.44583333333333336,0,4800.0
YMM251026-00000068,SMF28240458,과즙폭발 꿀당도 보장 감귤 [유라실생],소과,5.0,4,34900.0,34900.0,0,0.0,0,27920.0
YMM251026-00000069,SMF87846210,"2025 첫수확 노지감귤 가정용 3kg, 5kg",소과,3.0,1,17000.0,8800.0,8200,0.4823529411764706,0,5666.666666666667
YMM251026-00000070,SMF87846210,"2025 첫수확 노지감귤 가정용 3kg, 5kg",소과,3.0,1,17000.0,8800.0,8200,0.4823529411764706,0,5666.666666666667
YMM251026-00000071,SMF28240458,과즙폭발 꿀당도 보장 감귤 [유라실생],소과,3.0,1,24900.0,24900.0,0,0.0,0,8300.0
YMM251026-00000073,SMF28240458,과즙폭발 꿀당도 보장 감귤 [유라실생],소과,10.0,1,44900.0,44900.0,0,0.0,0,4490.0
YMM251026-00000074,SMF87846210,"2025 첫수확 노지감귤 가정용 3kg, 5kg",로얄과,3.0,1,17000.0,8800.0,8200,0.4823529411764706,0,5666.666666666667
YMM251026-00000075,SMF97813435,과즙폭발 꿀당도 보장 고당도 감귤 2kg + 황금향 2kg,일반,2.0,1,33000.0,23000.0,10000,0.30303030303030304,0,16500.0
YMM251027-00000001,SMF97813435,과즙폭발 꿀당도 보장 고당도 감귤 2kg + 황금향 2kg,일반,2.0,1,33000.0,23000.0,10000,0.30303030303030304,0,16500.0
YMM251027-00000002,SMF28240458,과즙폭발 꿀당도 보장 감귤 [유라실생],소과,10.0,1,44900.0,44900.0,0,0.0,0,4490.0
YMM251027-00000003,SMF28240458,과즙폭발 꿀당도 보장 감귤 [유라실생],소과,5.0,1,34900.0,34900.0,0,0.0,0,6980.0
YMM251027-00000004,SMF28240458,과즙폭발 꿀당도 보장 감귤 [유라실생],소과,10.0,1,44900.0,44900.0,0,0.0,0,4490.0
YMM251027-00000005,SMF97813435,과즙폭발 꿀당도 보장 고당도 감귤 2kg + 황금향 2kg,일반,2.0,1,33000.0,23000.0,10000,0.30303030303030304,0,16500.0
YMM251027-00000006,SMF28240458,과즙폭발 꿀당도 보장 감귤 [유라실생],소과,3.0,1,24900.0,24900.0,0,0.0,0,8300.0
YMM251027-00000007,SMF97813435,과즙폭발 꿀당도 보장 고당도 감귤 2kg + 황금향 2kg,일반,2.0,1,33000.0,23000.0,10000,0.30303030303030304,0,16500.0
YMM251027-00000008,SMF97813435,과즙폭발 꿀당도 보장 고당도 감귤 2kg + 황금향 2kg,일반,2.0,1,33000.0,23000.0,10000,0.30303030303030304,0,16500.0
YMM251027-00000010,SMF28240458,과즙폭발 꿀당도 보장 감귤 [유라실생],소과,5.0,1,34900.0,34900.0,0,0.0,0,6980.0
YMM251027-00000011,SMF28240458,과즙폭발 꿀당도 보장 감귤 [유라실생],소과,5.0,1,34900.0,34900.0,0,0.0,0,6980.0
YMM251027-00000012,SMF87846210,"2025 첫수확 노지감귤 가정용 3kg, 5kg",소과,3.0,2,20500.0,11050.0,18900,0.4609756097560976,0,13666.666666666666
YMM251027-00000018,SMF97813435,과즙폭발 꿀당도 보장 고당도 감귤 2kg + 황금향 2kg,일반,2.0,1,33000.0,23000.0,10000,0.30303030303030304,0,16500.0
YMM251027-00000019,SMF28240458,과즙폭발 꿀당도 보장 감귤 [유라실생],소과,3.0,1,24900.0,24900.0,0,0.0,0,8300.0
YMM251027-00000020,SMF87846210,"2025 첫수확 노지감귤 가정용 3kg, 5kg",소과,3.0,1,17000.0,8800.0,8200,0.4823529411764706,0,5666.666666666667
YMM251027-00000021,SMF28240458,과즙폭발 꿀당도 보장 감귤 [유라실생],소과,10.0,2,44900.0,44900.0,0,0.0,0,8980.0
YMM251027-00000022,SMF28240458,과즙폭발 꿀당도 보장 감귤 [유라실생],소과,5.0,1,34900.0,34900.0,0,0.0,0,6980.0
YMM251027-00000024,SMF97813435,과즙폭발 꿀당도 보장 고당도 감귤 2kg + 황금향 2kg,일반,2.0,1,33000.0,23000.0,10000,0.30303030303030304,0,16500.0
YMM251027-00000025,SMF97813435,과즙폭발 꿀당도 보장 고당도 감귤 2kg + 황금향 2kg,일반,2.0,1,33000.0,23000.0,10000,0.30303030303030304,0,16500.0
YMM251027-00000026,SMF87846210,"2025 첫수확 노지감귤 가정용 3kg, 5kg",소과,5.0,1,24000.0,13300.0,10700,0.44583333333333336,0,4800.0
YMM251027-00000027,SMF28240458,과즙폭발 꿀당도 보장 감귤 [유라실생],소과,5.0,1,34900.0,34900.0,0,0.0,0,6980.0
YMM251027-00000028,SMF97813435,과즙폭발 꿀당도 보장 고당도 감귤 2kg + 황금향 2kg,일반,2.0,1,33000.0,23000.0,10000,0.30303030303030304,0,16500.0
YMM251027-00000029,SMF87846210,"2025 첫수확 노지감귤 가정용 3kg, 5kg",소과,3.0,1,17000.0,8800.0,8200,0.4823529411764706,0,5666.666666666667
YMM251027-00000030,SMF87846210,"2025 첫수확 노지감귤 가정용 3kg, 5kg",로얄과,3.0,1,17000.0,8800.0,8200,0.4823529411764706,0,5666.666666666667
YMM251027-00000033,SMF28240458,과즙폭발 꿀당도 보장 감귤 [유라실생],소과,3.0,1,24900.0,24900.0,0,0.0,0,8300.0
YMM251027-00000034,SMF28240458,과즙폭발 꿀당도 보장 감귤 [유라실생],소과,3.0,1,24900.0,24900.0,0,0.0,0,8300.0
YMM251027-00000035,SMF28240458,과즙폭발 꿀당도 보장 감귤 [유라실생],소과,3.0,1,24900.0,24900.0,0,0.0,0,8300.0
YMM251027-00000036,SMF28240458,과즙폭발 꿀당도 보장 감귤 [유라실생],소과,3.0,1,24900.0,24900.0,0,0.0,0,8300.0
YMM251027-00000037,SMF87846210,"2025 첫수확 노지감귤 가정용 3kg, 5kg",로얄과,5.0,1,24000.0,13300.0,10700,0.44583333333333336,0,4800.0
YMM251027-00000038,SMF28240458,과즙폭발 꿀당도 보장 감귤 [유라실생],소과,3.0,1,24900.0,24900.0,0,0.0,0,8300.0
YMM251027-00000039,SMF28240458,과즙폭발 꿀당도 보장 감귤 [유라실생],소과,3.0,1,24900.0,24900.0,0,0.0,0,8300.0
YMM251027-00000041,SMF28240458,과즙폭발 꿀당도 보장 감귤 [유라실생],소과,3.0,1,24900.0,24900.0,0,0.0,0,8300.0
YMM251027-00000042,SMF28240458,과즙폭발 꿀당도 보장 감귤 [유라실생],소과,3.0,1,24900.0,24900.0,0,0.0,0,8300.0
YMM251027-00000043,SMF28240458,과즙폭발 꿀당도 보장 감귤 [유라실생],소과,3.0,1,24900.0,24900.0,0,0.0,0,8300.0
YMM251027-00000044,SMF28240458,과즙폭발 꿀당도 보장 감귤 [유라실생],소과,3.0,1,24900.0,24900.0,0,0.0,0,8300.0
YMM251027-00000045,SMF87846210,"2025 첫수확 노지감귤 가정용 3kg, 5kg",소과,5.0,1,24000.0,13300.0,10700,0.44583333333333336,0,4800.0
YMM251027-00000046,SMF28240458,과즙폭발 꿀당도 보장 감귤 [유라실생],소과,5.0,1,34900.0,34900.0,0,0.0,0,6980.0
YMM251027-00000047,SMF87846210,"2025 첫수확 노지감귤 가정용 3kg, 5kg",로얄과,10.0,1,35000.0,23000.0,12000,0.34285714285714286,0,3500.0
YMM251027-00000048,SMF28240458,과즙폭발 꿀당도 보장 감귤 [유라실생],소과,3.0,1,24900.0,24900.0,0,0.0,0,8300.0
YMM251027-00000049,SMF21246352,사전예약 저농약 황금향 2.5kg+감귤 대과 2.5kg 추가증정,로얄과,10.0,2,39500.0,29500.0,20000,0.25316455696202533,0,7900.0
YMM251027-00000051,SMF28240458,과즙폭발 꿀당도 보장 감귤 [유라실생],소과,5.0,1,34900.0,34900.0,0,0.0,0,6980.0
YMM251027-00000052,SMF28240458,과즙폭발 꿀당도 보장 감귤 [유라실생],소과,3.0,1,24900.0,24900.0,0,0.0,0,8300.0
YMM251027-00000055,SMF87846210,"2025 첫수확 노지감귤 가정용 3kg, 5kg",로얄과,5.0,1,24000.0,13300.0,10700,0.44583333333333336,0,4800.0
YMM251027-00000058,SMF28240458,과즙폭발 꿀당도 보장 감귤 [유라실생],소과,3.0,1,24900.0,24900.0,0,0.0,0,8300.0
YMM251027-00000059,SMF28240458,과즙폭발 꿀당도 보장 감귤 [유라실생],소과,3.0,1,24900.0,24900.0,0,0.0,0,8300.0
YMM251027-00000060,SMF97813435,과즙폭발 꿀당도 보장 고당도 감귤 2kg + 황금향 2kg,일반,2.0,2,33000.0,23000.0,20000,0.30303030303030304,0,33000.0
YMM251027-00000061,SMF21246352,사전예약 저농약 황금향 2.5kg+감귤 대과 2.5kg 추가증정,대과,4.5,1,44000.0,34000.0,10000,0.22727272727272727,0,9777.777777777777
YMM251027-00000062,SMF87846210,"2025 첫수확 노지감귤 가정용 3kg, 5kg",로얄과,3.0,1,17000.0,8800.0,8200,0.4823529411764706,0,5666.666666666667
YMM251027-00000066,SMF87846210,"2025 첫수확 노지감귤 가정용 3kg, 5kg",로얄과,5.0,1,24000.0,13300.0,10700,0.44583333333333336,0,4800.0
YMM251027-00000067,SMF28240458,과즙폭발 꿀당도 보장 감귤 [유라실생],소과,5.0,1,34900.0,34900.0,0,0.0,0,6980.0
YMM251027-00000068,SMF28240458,과즙폭발 꿀당도 보장 감귤 [유라실생],소과,10.0,1,44900.0,44900.0,0,0.0,0,4490.0
YMM251027-00000069,SMF21246352,사전예약 저농약 황금향 2.5kg+감귤 대과 2.5kg 추가증정,대과,2.5,1,33000.0,23000.0,10000,0.30303030303030304,0,13200.0
YMM251027-00000070,SMF97813435,과즙폭발 꿀당도 보장 고당도 감귤 2kg + 황금향 2kg,일반,2.0,1,33000.0,23000.0,10000,0.30303030303030304,0,16500.0
YMM251027-00000071,SMF28240458,과즙폭발 꿀당도 보장 감귤 [유라실생],소과,10.0,2,44900.0,44900.0,0,0.0,0,8980.0
YMM251027-00000072,SMF97813435,과즙폭발 꿀당도 보장 고당도 감귤 2kg + 황금향 2kg,일반,2.0,1,33000.0,23000.0,10000,0.30303030303030304,0,16500.0
YMM251027-00000074,SMF21246352,사전예약 저농약 황금향 2.5kg+감귤 대과 2.5kg 추가증정,대과,4.5,1,44000.0,34000.0,10000,0.22727272727272727,0,9777.777777777777
YMM251027-00000075,SMF28240458,과즙폭발 꿀당도 보장 감귤 [유라실생],소과,5.0,1,34900.0,34900.0,0,0.0,0,6980.0
YMM251027-00000076,SMF21246352,사전예약 저농약 황금향 2.5kg+감귤 대과 2.5kg 추가증정,대과,2.5,1,33000.0,23000.0,10000,0.30303030303030304,0,13200.0
YMM251027-00000083,SMF87846210,"2025 첫수확 노지감귤 가정용 3kg, 5kg",로얄과,3.0,1,17000.0,8800.0,8200,0.4823529411764706,0,5666.666666666667
YMM251027-00000084,SMF28240458,과즙폭발 꿀당도 보장 감귤 [유라실생],소과,5.0,1,34900.0,34900.0,0,0.0,0,6980.0
YMM251027-00000085,SMF21246352,사전예약 저농약 황금향 2.5kg+감귤 대과 2.5kg 추가증정,로얄과,10.0,1,35000.0,25000.0,10000,0.2857142857142857,0,3500.0
YMM251027-00000086,SMF87846210,"2025 첫수확 노지감귤 가정용 3kg, 5kg",소과,5.0,1,24000.0,13300.0,10700,0.44583333333333336,0,4800.0
YMM251027-00000088,SMF87846210,"2025 첫수확 노지감귤 가정용 3kg, 5kg",소과,5.0,1,24000.0,13300.0,10700,0.44583333333333336,0,4800.0
YMM251027-00000089,SMF21246352,사전예약 저농약 황금향 2.5kg+감귤 대과 2.5kg 추가증정,대과,4.5,1,44000.0,34000.0,10000,0.22727272727272727,0,9777.777777777777
YMM251027-00000090,SMF21246352,사전예약 저농약 황금향 2.5kg+감귤 대과 2.5kg 추가증정,대과,2.5,1,33000.0,23000.0,10000,0.30303030303030304,0,13200.0
YMM251027-00000091,SMF87846210,"2025 첫수확 노지감귤 가정용 3kg, 5kg",로얄과,10.0,1,35000.0,23000.0,12000,0.34285714285714286,0,3500.0
YMM251027-00000092,SMF87846210,"2025 첫수확 노지감귤 가정용 3kg, 5kg",로얄과,3.0,1,17000.0,8800.0,8200,0.4823529411764706,0,5666.666666666667
YMM251027-00000093,SMF28240458,과즙폭발 꿀당도 보장 감귤 [유라실생],소과,3.0,1,24900.0,24900.0,0,0.0,0,8300.0
YMM251027-00000094,SMF87846210,"2025 첫수확 노지감귤 가정용 3kg, 5kg",소과,3.0,1,17000.0,8800.0,8200,0.4823529411764706,0,5666.666666666667
YMM251027-00000095,SMF87846210,"2025 첫수확 노지감귤 가정용 3kg, 5kg",소과,5.0,1,24000.0,13300.0,10700,0.44583333333333336,0,4800.0
YMM251027-00000096,SMF87846210,"2025 첫수확 노지감귤 가정용 3kg, 5kg",소과,3.0,1,17000.0,8800.0,8200,0.4823529411764706,0,5666.666666666667
YMM251027-00000097,SMF87846210,"2025 첫수확 노지감귤 가정용 3kg, 5kg",소과,3.0,1,17000.0,8800.0,8200,0.4823529411764706,0,5666.666666666667
YMM251027-00000098,SMF28240458,과즙폭발 꿀당도 보장 감귤 [유라실생],소과,3.0,1,24900.0,24900.0,0,0.0,0,8300.0
YMM251027-00000099,SMF87846210,"2025 첫수확 노지감귤 가정용 3kg, 5kg",소과,3.0,1,17000.0,8800.0,8200,0.4823529411764706,0,5666.666666666667
YMM251027-00000100,SMF87846210,"2025 첫수확 노지감귤 가정용 3kg, 5kg",로얄과,5.0,1,24000.0,13300.0,10700,0.44583333333333336,0,4800.0
YMM251027-00000101,SMF87846210,"2025 첫수확 노지감귤 가정용 3kg, 5kg",소과,3.0,1,17000.0,8800.0,8200,0.4823529411764706,0,5666.666666666667
YMM251027-00000102,SMF87846210,"2025 첫수확 노지감귤 가정용 3kg, 5kg",로얄과,5.0,1,24000.0,13300.0,10700,0.44583333333333336,0,4800.0
YMM251027-00000103,SMF21246352,사전예약 저농약 황금향 2.5kg+감귤 대과 2.5kg 추가증정,로얄과,10.0,1,35000.0,25000.0,10000,0.2857142857142857,0,3500.0
YMM251027-00000104,SMF87846210,"2025 첫수확 노지감귤 가정용 3kg, 5kg",로얄과,5.0,1,24000.0,13300.0,10700,0.44583333333333336,0,4800.0
YMM251027-00000105,SMF87846210,"2025 첫수확 노지감귤 가정용 3kg, 5kg",로얄과,10.0,1,35000.0,23000.0,12000,0.34285714285714286,0,3500.0
YMM251027-00000106,SMF21246352,사전예약 저농약 황금향 2.5kg+감귤 대과 2.5kg 추가증정,대과,2.5,1,33000.0,23000.0,10000,0.30303030303030304,0,13200.0
YMM251027-00000107,SMF29718566,제주 산지직송 황금향 선물세트 가정용,소과,5.0,1,42000.0,25000.0,17000,0.40476190476190477,0,8400.0
YMM251027-00000108,SMF29718566,제주 산지직송 황금향 선물세트 가정용,소과,5.0,1,42000.0,25000.0,17000,0.40476190476190477,0,8400.0
YMM251027-00000109,SMF87846210,"2025 첫수확 노지감귤 가정용 3kg, 5kg",소과,5.0,1,24000.0,13300.0,10700,0.44583333333333336,0,4800.0
YMM251027-00000110,SMF28240458,과즙폭발 꿀당도 보장 감귤 [유라실생],소과,5.0,1,34900.0,34900.0,0,0.0,0,6980.0
YMM251027-00000111,SMF28240458,과즙폭발 꿀당도 보장 감귤 [유라실생],소과,5.0,1,34900.0,34900.0,0,0.0,0,6980.0
YMM251027-00000113,SMF21246352,사전예약 저농약 황금향 2.5kg+감귤 대과 2.5kg 추가증정,대과,2.5,1,33000.0,23000.0,10000,0.30303030303030304,0,13200.0
YMM251027-00000116,SMF21246352,사전예약 저농약 황금향 2.5kg+감귤 대과 2.5kg 추가증정,대과,2.5,1,33000.0,23000.0,10000,0.30303030303030304,0,13200.0
YMM251027-00000117,SMF21246352,사전예약 저농약 황금향 2.5kg+감귤 대과 2.5kg 추가증정,대과,4.5,1,44000.0,34000.0,10000,0.22727272727272727,0,9777.777777777777
YMM251027-00000118,SMF87846210,"2025 첫수확 노지감귤 가정용 3kg, 5kg",소과,5.0,1,24000.0,13300.0,10700,0.44583333333333336,0,4800.0
YMM251027-00000120,SMF28240458,과즙폭발 꿀당도 보장 감귤 [유라실생],소과,5.0,1,34900.0,34900.0,0,0.0,0,6980.0
YMM251027-00000121,SMF28240458,과즙폭발 꿀당도 보장 감귤 [유라실생],소과,5.0,1,34900.0,34900.0,0,0.0,0,6980.0
YMM251027-00000122,SMF28240458,과즙폭발 꿀당도 보장 감귤 [유라실생],소과,10.0,1,44900.0,44900.0,0,0.0,0,4490.0
YMM251027-00000124,SMF28240458,과즙폭발 꿀당도 보장 감귤 [유라실생],소과,5.0,1,34900.0,34900.0,0,0.0,0,6980.0
YMM251027-00000125,SMF28240458,과즙폭발 꿀당도 보장 감귤 [유라실생],소과,5.0,1,34900.0,34900.0,0,0.0,0,6980.0
YMM251027-00000126,SMF28240458,과즙폭발 꿀당도 보장 감귤 [유라실생],소과,5.0,3,34900.0,34900.0,0,0.0,0,20940.0
YMM251027-00000128,SMF21246352,사전예약 저농약 황금향 2.5kg+감귤 대과 2.5kg 추가증정,대과,4.5,1,44000.0,34000.0,10000,0.22727272727272727,0,9777.777777777777
YMM251027-00000130,SMF28240458,과즙폭발 꿀당도 보장 감귤 [유라실생],소과,10.0,1,44900.0,44900.0,0,0.0,0,4490.0
YMM251027-00000131,SMF21246352,사전예약 저농약 황금향 2.5kg+감귤 대과 2.5kg 추가증정,대과,4.5,1,44000.0,34000.0,10000,0.22727272727272727,0,9777.777777777777
YMM251027-00000132,SMF87846210,"2025 첫수확 노지감귤 가정용 3kg, 5kg",로얄과,5.0,1,24000.0,13300.0,10700,0.44583333333333336,0,4800.0
YMM251027-00000133,SMF87846210,"2025 첫수확 노지감귤 가정용 3kg, 5kg",로얄과,5.0,1,24000.0,13300.0,10700,0.44583333333333336,0,4800.0
YMM251027-00000134,SMF21246352,사전예약 저농약 황금향 2.5kg+감귤 대과 2.5kg 추가증정,대과,2.5,1,33000.0,23000.0,10000,0.30303030303030304,0,13200.0
YMM251027-00000135,SMF97813435,과즙폭발 꿀당도 보장 고당도 감귤 2kg + 황금향 2kg,일반,2.0,3,33000.0,23000.0,30000,0.30303030303030304,0,49500.0
YMM251027-00000136,SMF87846210,"2025 첫수확 노지감귤 가정용 3kg, 5kg",소과,5.0,1,24000.0,13300.0,10700,0.44583333333333336,0,4800.0
YMM251027-00000137,SMF87846210,"2025 첫수확 노지감귤 가정용 3kg, 5kg",로얄과,3.0,1,17000.0,8800.0,8200,0.4823529411764706,0,5666.666666666667
YMM251027-00000138,SMF21246352,사전예약 저농약 황금향 2.5kg+감귤 대과 2.5kg 추가증정,대과,2.5,1,33000.0,23000.0,10000,0.30303030303030304,0,13200.0
YMM251027-00000139,SMF21246352,사전예약 저농약 황금향 2.5kg+감귤 대과 2.5kg 추가증정,대과,2.5,1,33000.0,23000.0,10000,0.30303030303030304,0,13200.0
YMM251027-00000140,SMF28240458,과즙폭발 꿀당도 보장 감귤 [유라실생],소과,5.0,2,34900.0,34900.0,0,0.0,0,13960.0
YMM251027-00000141,SMF28240458,과즙폭발 꿀당도 보장 감귤 [유라실생],소과,5.0,1,34900.0,34900.0,0,0.0,0,6980.0
YMM251027-00000142,SMF87846210,"2025 첫수확 노지감귤 가정용 3kg, 5kg",소과,3.0,1,17000.0,8800.0,8200,0.4823529411764706,0,5666.666666666667
YMM251028-00000003,SMF21246352,사전예약 저농약 황금향 2.5kg+감귤 대과 2.5kg 추가증정,대과,2.5,1,33000.0,23000.0,10000,0.30303030303030304,0,13200.0
YMM251028-00000005,SMF28240458,과즙폭발 꿀당도 보장 감귤 [유라실생],소과,5.0,1,34900.0,34900.0,0,0.0,0,6980.0
YMM251028-00000006,SMF97813435,과즙폭발 꿀당도 보장 고당도 감귤 2kg + 황금향 2kg,일반,2.0,1,33000.0,23000.0,10000,0.30303030303030304,0,16500.0
YMM251028-00000007,SMF28240458,과즙폭발 꿀당도 보장 감귤 [유라실생],소과,5.0,1,34900.0,34900.0,0,0.0,0,6980.0
YMM251028-00000008,SMF97813435,과즙폭발 꿀당도 보장 고당도 감귤 2kg + 황금향 2kg,일반,2.0,1,33000.0,23000.0,10000,0.30303030303030304,0,16500.0
YMM251028-00000009,SMF28240458,과즙폭발 꿀당도 보장 감귤 [유라실생],소과,3.0,1,24900.0,24900.0,0,0.0,0,8300.0
YMM251028-00000010,SMF87846210,"2025 첫수확 노지감귤 가정용 3kg, 5kg",소과,5.0,1,24000.0,13300.0,10700,0.44583333333333336,0,4800.0
YMM251028-00000012,SMF87846210,"2025 첫수확 노지감귤 가정용 3kg, 5kg",소과,3.0,1,17000.0,8800.0,8200,0.4823529411764706,0,5666.666666666667
YMM251028-00000013,SMF97813435,과즙폭발 꿀당도 보장 고당도 감귤 2kg + 황금향 2kg,일반,2.0,1,33000.0,23000.0,10000,0.30303030303030304,0,16500.0
YMM251028-00000016,SMF87846210,"2025 첫수확 노지감귤 가정용 3kg, 5kg",소과,5.0,1,24000.0,13300.0,10700,0.44583333333333336,0,4800.0
YMM251028-00000017,SMF28240458,과즙폭발 꿀당도 보장 감귤 [유라실생],소과,5.0,1,34900.0,34900.0,0,0.0,0,6980.0
YMM251028-00000018,SMF21246352,사전예약 저농약 황금향 2.5kg+감귤 대과 2.5kg 추가증정,대과,2.5,4,33000.0,23000.0,40000,0.30303030303030304,0,52800.0
YMM251028-00000019,SMF28240458,과즙폭발 꿀당도 보장 감귤 [유라실생],소과,3.0,3,24900.0,24900.0,0,0.0,0,24900.0
YMM251028-00000020,SMF21246352,사전예약 저농약 황금향 2.5kg+감귤 대과 2.5kg 추가증정,대과,2.5,1,33000.0,23000.0,10000,0.30303030303030304,0,13200.0
YMM251028-00000021,SMF28240458,과즙폭발 꿀당도 보장 감귤 [유라실생],소과,3.0,58,24900.0,24900.0,0,0.0,0,481400.0
YMM251028-00000022,SMF21246352,사전예약 저농약 황금향 2.5kg+감귤 대과 2.5kg 추가증정,대과,4.5,1,44000.0,34000.0,10000,0.22727272727272727,0,9777.777777777777
YMM251028-00000023,SMF21246352,사전예약 저농약 황금향 2.5kg+감귤 대과 2.5kg 추가증정,대과,2.5,1,33000.0,23000.0,10000,0.30303030303030304,0,13200.0
YMM251028-00000024,SMF21246352,사전예약 저농약 황금향 2.5kg+감귤 대과 2.5kg 추가증정,대과,4.5,1,44000.0,34000.0,10000,0.22727272727272727,0,9777.777777777777
YMM251028-00000025,SMF87846210,"2025 첫수확 노지감귤 가정용 3kg, 5kg",소과,3.0,1,17000.0,8800.0,8200,0.4823529411764706,0,5666.666666666667
YMM251028-00000026,SMF21246352,사전예약 저농약 황금향 2.5kg+감귤 대과 2.5kg 추가증정,대과,4.5,1,44000.0,34000.0,10000,0.22727272727272727,0,9777.777777777777
YMM251028-00000027,SMF21246352,사전예약 저농약 황금향 2.5kg+감귤 대과 2.5kg 추가증정,대과,4.5,1,44000.0,34000.0,10000,0.22727272727272727,0,9777.777777777777
YMM251028-00000028,SMF21246352,사전예약 저농약 황금향 2.5kg+감귤 대과 2.5kg 추가증정,대과,2.5,1,33000.0,23000.0,10000,0.30303030303030304,0,13200.0
YMM251028-00000029,SMF21246352,사전예약 저농약 황금향 2.5kg+감귤 대과 2.5kg 추가증정,대과,2.5,2,33000.0,23000.0,20000,0.30303030303030304,0,26400.0
YMM251028-00000030,SMF28240458,과즙폭발 꿀당도 보장 감귤 [유라실생],소과,3.0,1,24900.0,24900.0,0,0.0,0,8300.0
YMM251028-00000031,SMF87846210,"2025 첫수확 노지감귤 가정용 3kg, 5kg",소과,3.0,1,17000.0,8800.0,8200,0.4823529411764706,0,5666.666666666667
YMM251028-00000032,SMF21246352,사전예약 저농약 황금향 2.5kg+감귤 대과 2.5kg 추가증정,대과,2.5,1,33000.0,23000.0,10000,0.30303030303030304,0,13200.0
YMM251028-00000033,SMF97813435,과즙폭발 꿀당도 보장 고당도 감귤 2kg + 황금향 2kg,일반,2.0,2,33000.0,23000.0,20000,0.30303030303030304,0,33000.0
YMM251028-00000035,SMF28240458,과즙폭발 꿀당도 보장 감귤 [유라실생],소과,5.0,1,34900.0,34900.0,0,0.0,0,6980.0
YMM251028-00000036,SMF28240458,과즙폭발 꿀당도 보장 감귤 [유라실생],소과,5.0,1,34900.0,34900.0,0,0.0,0,6980.0
YMM251028-00000038,SMF21246352,사전예약 저농약 황금향 2.5kg+감귤 대과 2.5kg 추가증정,대과,2.5,1,33000.0,23000.0,10000,0.30303030303030304,0,13200.0
YMM251028-00000039,SMF97813435,과즙폭발 꿀당도 보장 고당도 감귤 2kg + 황금향 2kg,일반,2.0,1,33000.0,23000.0,10000,0.30303030303030304,0,16500.0
YMM251028-00000040,SMF21246352,사전예약 저농약 황금향 2.5kg+감귤 대과 2.5kg 추가증정,대과,4.5,1,44000.0,34000.0,10000,0.22727272727272727,0,9777.777777777777
YMM251028-00000041,SMF28240458,과즙폭발 꿀당도 보장 감귤 [유라실생],소과,10.0,1,44900.0,44900.0,0,0.0,0,4490.0
YMM251028-00000042,SMF28240458,과즙폭발 꿀당도 보장 감귤 [유라실생],소과,10.0,1,44900.0,44900.0,0,0.0,0,4490.0
YMM251028-00000043,SMF87846210,"2025 첫수확 노지감귤 가정용 3kg, 5kg",소과,5.0,1,24000.0,13300.0,10700,0.44583333333333336,0,4800.0
YMM251028-00000044,SMF21246352,사전예약 저농약 황금향 2.5kg+감귤 대과 2.5kg 추가증정,대과,2.5,1,33000.0,23000.0,10000,0.30303030303030304,0,13200.0
YMM251028-00000045,SMF21246352,사전예약 저농약 황금향 2.5kg+감귤 대과 2.5kg 추가증정,대과,2.5,1,33000.0,23000.0,10000,0.30303030303030304,0,13200.0
YMM251028-00000046,SMF21246352,사전예약 저농약 황금향 2.5kg+감귤 대과 2.5kg 추가증정,대과,4.5,1,44000.0,34000.0,10000,0.22727272727272727,0,9777.777777777777
YMM251028-00000048,SMF21246352,사전예약 저농약 황금향 2.5kg+감귤 대과 2.5kg 추가증정,대과,4.5,1,44000.0,34000.0,10000,0.22727272727272727,0,9777.777777777777
YMM251028-00000050,SMF88567954,초고당도 감귤 신품종[유라실생] 4.5kg(실중량4kg),소과,4.5,50,40000.0,25000.0,750000,0.375,0,444444.44444444444
YMM251028-00000052,SMF21246352,사전예약 저농약 황금향 2.5kg+감귤 대과 2.5kg 추가증정,대과,4.5,1,44000.0,34000.0,10000,0.22727272727272727,0,9777.777777777777
YMM251028-00000053,SMF29718566,제주 산지직송 황금향 선물세트 가정용,소과,3.0,1,32000.0,15800.0,16200,0.50625,0,10666.666666666666
YMM251028-00000056,SMF21246352,사전예약 저농약 황금향 2.5kg+감귤 대과 2.5kg 추가증정,대과,2.5,1,33000.0,23000.0,10000,0.30303030303030304,0,13200.0
YMM251028-00000058,SMF87846210,"2025 첫수확 노지감귤 가정용 3kg, 5kg",소과,5.0,2,24000.0,13300.0,21400,0.44583333333333336,0,9600.0
YMM251028-00000059,SMF21246352,사전예약 저농약 황금향 2.5kg+감귤 대과 2.5kg 추가증정,대과,4.5,1,44000.0,34000.0,10000,0.22727272727272727,0,9777.777777777777
YMM251028-00000060,SMF28240458,과즙폭발 꿀당도 보장 감귤 [유라실생],소과,5.0,1,34900.0,34900.0,0,0.0,0,6980.0
YMM251028-00000061,SMF21246352,사전예약 저농약 황금향 2.5kg+감귤 대과 2.5kg 추가증정,로얄과,5.0,1,24000.0,16000.0,8000,0.3333333333333333,0,4800.0
YMM251028-00000062,SMF21246352,사전예약 저농약 황금향 2.5kg+감귤 대과 2.5kg 추가증정,대과,2.5,1,33000.0,23000.0,10000,0.30303030303030304,0,13200.0
YMM251028-00000067,SMF28240458,과즙폭발 꿀당도 보장 감귤 [유라실생],소과,5.0,1,34900.0,34900.0,0,0.0,0,6980.0
YMM251028-00000068,SMF29718566,제주 산지직송 황금향 선물세트 가정용,소과,3.0,1,32000.0,15800.0,16200,0.50625,0,10666.666666666666
YMM251028-00000070,SMF21246352,사전예약 저농약 황금향 2.5kg+감귤 대과 2.5kg 추가증정,대과,4.5,1,44000.0,34000.0,10000,0.22727272727272727,0,9777.777777777777
YMM251028-00000071,SMF21246352,사전예약 저농약 황금향 2.5kg+감귤 대과 2.5kg 추가증정,대과,4.5,1,44000.0,34000.0,10000,0.22727272727272727,0,9777.777777777777
YMM251028-00000072,SMF21246352,사전예약 저농약 황금향 2.5kg+감귤 대과 2.5kg 추가증정,대과,4.5,2,44000.0,34000.0,20000,0.22727272727272727,0,19555.555555555555
YMM251028-00000074,SMF21246352,사전예약 저농약 황금향 2.5kg+감귤 대과 2.5kg 추가증정,대과,4.5,1,44000.0,34000.0,10000,0.22727272727272727,0,9777.777777777777
YMM251028-00000075,SMF21246352,사전예약 저농약 황금향 2.5kg+감귤 대과 2.5kg 추가증정,대과,2.5,1,33000.0,23000.0,10000,0.30303030303030304,0,13200.0
YMM251028-00000076,SMF21246352,사전예약 저농약 황금향 2.5kg+감귤 대과 2.5kg 추가증정,대과,2.5,1,33000.0,23000.0,10000,0.30303030303030304,0,13200.0
YMM251028-00000078,SMF21246352,사전예약 저농약 황금향 2.5kg+감귤 대과 2.5kg 추가증정,대과,4.5,1,44000.0,34000.0,10000,0.22727272727272727,0,9777.777777777777
YMM251028-00000080,SMF21246352,사전예약 저농약 황금향 2.5kg+감귤 대과 2.5kg 추가증정,대과,4.5,1,44000.0,34000.0,10000,0.22727272727272727,0,9777.777777777777
YMM251028-00000082,SMF87846210,"2025 첫수확 노지감귤 가정용 3kg, 5kg",소과,10.0,1,35000.0,23000.0,12000,0.34285714285714286,0,3500.0
YMM251028-00000083,SMF21246352,사전예약 저농약 황금향 2.5kg+감귤 대과 2.5kg 추가증정,대과,4.5,1,44000.0,34000.0,10000,0.22727272727272727,0,9777.777777777777
YMM251028-00000084,SMF21246352,사전예약 저농약 황금향 2.5kg+감귤 대과 2.5kg 추가증정,대과,2.5,1,33000.0,23000.0,10000,0.30303030303030304,0,13200.0
YMM251028-00000085,SMF21246352,사전예약 저농약 황금향 2.5kg+감귤 대과 2.5kg 추가증정,대과,2.5,1,33000.0,23000.0,10000,0.30303030303030304,0,13200.0
YMM251028-00000086,SMF28240458,과즙폭발 꿀당도 보장 감귤 [유라실생],소과,3.0,1,24900.0,24900.0,0,0.0,0,8300.0
YMM251028-00000087,SMF28240458,과즙폭발 꿀당도 보장 감귤 [유라실생],소과,10.0,1,44900.0,44900.0,0,0.0,0,4490.0
YMM251028-00000092,SMF97813435,과즙폭발 꿀당도 보장 고당도 감귤 2kg + 황금향 2kg,일반,2.0,1,33000.0,23000.0,10000,0.30303030303030304,0,16500.0
YMM251028-00000093,SMF21246352,사전예약 저농약 황금향 2.5kg+감귤 대과 2.5kg 추가증정,대과,4.5,1,44000.0,34000.0,10000,0.22727272727272727,0,9777.777777777777
YMM251028-00000094,SMF87846210,"2025 첫수확 노지감귤 가정용 3kg, 5kg",소과,5.0,1,24000.0,13300.0,10700,0.44583333333333336,0,4800.0
YMM251028-00000095,SMF21246352,사전예약 저농약 황금향 2.5kg+감귤 대과 2.5kg 추가증정,대과,4.5,1,44000.0,34000.0,10000,0.22727272727272727,0,9777.777777777777
YMM251028-00000096,SMF21246352,사전예약 저농약 황금향 2.5kg+감귤 대과 2.5kg 추가증정,대과,2.5,1,33000.0,23000.0,10000,0.30303030303030304,0,13200.0
YMM251028-00000097,SMF21246352,사전예약 저농약 황금향 2.5kg+감귤 대과 2.5kg 추가증정,로얄과,5.0,1,24000.0,16000.0,8000,0.3333333333333333,0,4800.0
YMM251028-00000098,SMF21246352,사전예약 저농약 황금향 2.5kg+감귤 대과 2.5kg 추가증정,대과,2.5,1,33000.0,23000.0,10000,0.30303030303030304,0,13200.0
YMM251028-00000099,SMF28240458,과즙폭발 꿀당도 보장 감귤 [유라실생],소과,3.0,1,24900.0,24900.0,0,0.0,0,8300.0
YMM251028-00000101,SMF21246352,사전예약 저농약 황금향 2.5kg+감귤 대과 2.5kg 추가증정,대과,2.5,1,33000.0,23000.0,10000,0.30303030303030304,0,13200.0
YMM251028-00000102,SMF21246352,사전예약 저농약 황금향 2.5kg+감귤 대과 2.5kg 추가증정,대과,4.5,1,44000.0,34000.0,10000,0.22727272727272727,0,9777.777777777777
YMM251028-00000103,SMF87846210,"2025 첫수확 노지감귤 가정용 3kg, 5kg",소과,10.0,1,35000.0,23000.0,12000,0.34285714285714286,0,3500.0
YMM251028-00000105,SMF21246352,사전예약 저농약 황금향 2.5kg+감귤 대과 2.5kg 추가증정,대과,4.5,1,44000.0,34000.0,10000,0.22727272727272727,0,9777.777777777777
YMM251028-00000106,SMF21246352,사전예약 저농약 황금향 2.5kg+감귤 대과 2.5kg 추가증정,대과,2.5,1,33000.0,23000.0,10000,0.30303030303030304,0,13200.0
YMM251028-00000107,SMF21246352,사전예약 저농약 황금향 2.5kg+감귤 대과 2.5kg 추가증정,대과,2.5,1,33000.0,23000.0,10000,0.30303030303030304,0,13200.0
YMM251028-00000109,SMF28240458,과즙폭발 꿀당도 보장 감귤 [유라실생],소과,3.0,1,24900.0,24900.0,0,0.0,0,8300.0
YMM251028-00000110,SMF97813435,과즙폭발 꿀당도 보장 고당도 감귤 2kg + 황금향 2kg,일반,2.0,2,33000.0,23000.0,20000,0.30303030303030304,0,33000.0
YMM251028-00000111,SMF21246352,사전예약 저농약 황금향 2.5kg+감귤 대과 2.5kg 추가증정,로얄과,10.0,1,35000.0,25000.0,10000,0.2857142857142857,0,3500.0
YMM251028-00000113,SMF28240458,과즙폭발 꿀당도 보장 감귤 [유라실생],소과,5.0,1,34900.0,34900.0,0,0.0,0,6980.0
YMM251028-00000114,SMF28240458,과즙폭발 꿀당도 보장 감귤 [유라실생],소과,5.0,1,34900.0,34900.0,0,0.0,0,6980.0
YMM251028-00000115,SMF87846210,"2025 첫수확 노지감귤 가정용 3kg, 5kg",소과,3.0,1,17000.0,8800.0,8200,0.4823529411764706,0,5666.666666666667
YMM251028-00000116,SMF97813435,과즙폭발 꿀당도 보장 고당도 감귤 2kg + 황금향 2kg,일반,2.0,1,33000.0,23000.0,10000,0.30303030303030304,0,16500.0
YMM251028-00000117,SMF87846210,"2025 첫수확 노지감귤 가정용 3kg, 5kg",소과,5.0,1,24000.0,13300.0,10700,0.44583333333333336,0,4800.0
YMM251028-00000118,SMF97813435,과즙폭발 꿀당도 보장 고당도 감귤 2kg + 황금향 2kg,일반,2.0,1,33000.0,23000.0,10000,0.30303030303030304,0,16500.0
YMM251028-00000119,SMF21246352,사전예약 저농약 황금향 2.5kg+감귤 대과 2.5kg 추가증정,대과,2.5,1,33000.0,23000.0,10000,0.30303030303030304,0,13200.0
YMM251028-00000120,SMF21246352,사전예약 저농약 황금향 2.5kg+감귤 대과 2.5kg 추가증정,대과,2.5,1,33000.0,23000.0,10000,0.30303030303030304,0,13200.0
YMM251028-00000121,SMF97813435,과즙폭발 꿀당도 보장 고당도 감귤 2kg + 황금향 2kg,일반,2.0,1,33000.0,23000.0,10000,0.30303030303030304,0,16500.0
YMM251028-00000122,SMF87846210,"2025 첫수확 노지감귤 가정용 3kg, 5kg",소과,3.0,1,17000.0,8800.0,8200,0.4823529411764706,0,5666.666666666667
YMM251028-00000123,SMF97813435,과즙폭발 꿀당도 보장 고당도 감귤 2kg + 황금향 2kg,일반,2.0,1,33000.0,23000.0,10000,0.30303030303030304,0,16500.0
YMM251028-00000124,SMF21246352,사전예약 저농약 황금향 2.5kg+감귤 대과 2.5kg 추가증정,대과,2.5,1,33000.0,23000.0,10000,0.30303030303030304,0,13200.0
YMM251028-00000125,SMF21246352,사전예약 저농약 황금향 2.5kg+감귤 대과 2.5kg 추가증정,대과,2.5,1,33000.0,23000.0,10000,0.30303030303030304,0,13200.0
YMM251028-00000126,SMF97813435,과즙폭발 꿀당도 보장 고당도 감귤 2kg + 황금향 2kg,일반,2.0,2,33000.0,23000.0,20000,0.30303030303030304,0,33000.0
YMM251028-00000127,SMF87846210,"2025 첫수확 노지감귤 가정용 3kg, 5kg",소과,3.0,2,17000.0,8800.0,16400,0.4823529411764706,0,11333.333333333334
YMM251028-00000128,SMF87846210,"2025 첫수확 노지감귤 가정용 3kg, 5kg",로얄과,10.0,1,35000.0,23000.0,12000,0.34285714285714286,0,3500.0
YMM251028-00000129,SMF97813435,과즙폭발 꿀당도 보장 고당도 감귤 2kg + 황금향 2kg,일반,2.0,1,33000.0,23000.0,10000,0.30303030303030304,0,16500.0
YMM251028-00000130,SMF97813435,과즙폭발 꿀당도 보장 고당도 감귤 2kg + 황금향 2kg,일반,2.0,1,33000.0,23000.0,10000,0.30303030303030304,0,16500.0
YMM251028-00000131,SMF21246352,사전예약 저농약 황금향 2.5kg+감귤 대과 2.5kg 추가증정,대과,4.5,1,44000.0,34000.0,10000,0.22727272727272727,0,9777.777777777777
YMM251028-00000132,SMF21246352,사전예약 저농약 황금향 2.5kg+감귤 대과 2.5kg 추가증정,대과,4.5,1,44000.0,34000.0,10000,0.22727272727272727,0,9777.777777777777
YMM251028-00000133,SMF21246352,사전예약 저농약 황금향 2.5kg+감귤 대과 2.5kg 추가증정,대과,2.5,1,33000.0,23000.0,10000,0.30303030303030304,0,13200.0
YMM251028-00000135,SMF97813435,과즙폭발 꿀당도 보장 고당도 감귤 2kg + 황금향 2kg,일반,2.0,1,33000.0,23000.0,10000,0.30303030303030304,0,16500.0
YMM251028-00000136,SMF28240458,과즙폭발 꿀당도 보장 감귤 [유라실생],소과,10.0,2,44900.0,44900.0,0,0.0,0,8980.0
YMM251028-00000137,SMF87846210,"2025 첫수확 노지감귤 가정용 3kg, 5kg",로얄과,3.0,1,17000.0,8800.0,8200,0.4823529411764706,0,5666.666666666667
YMM251028-00000138,SMF29718566,제주 산지직송 황금향 선물세트 가정용,소과,5.0,4,42000.0,25000.0,68000,0.40476190476190477,0,33600.0
YMM251028-00000140,SMF28240458,과즙폭발 꿀당도 보장 감귤 [유라실생],소과,10.0,1,44900.0,44900.0,0,0.0,0,4490.0
YMM251028-00000141,SMF97813435,과즙폭발 꿀당도 보장 고당도 감귤 2kg + 황금향 2kg,일반,2.0,1,33000.0,23000.0,10000,0.30303030303030304,0,16500.0
YMM251028-00000142,SMF29718566,제주 산지직송 황금향 선물세트 가정용,소과,5.0,1,42000.0,25000.0,17000,0.40476190476190477,0,8400.0
YMM251028-00000143,SMF29718566,제주 산지직송 황금향 선물세트 가정용,소과,5.0,1,42000.0,25000.0,17000,0.40476190476190477,0,8400.0
YMM251028-00000144,SMF87846210,"2025 첫수확 노지감귤 가정용 3kg, 5kg",소과,3.0,1,17000.0,8800.0,8200,0.4823529411764706,0,5666.666666666667
YMM251028-00000146,SMF21246352,사전예약 저농약 황금향 2.5kg+감귤 대과 2.5kg 추가증정,대과,4.5,1,44000.0,34000.0,10000,0.22727272727272727,0,9777.777777777777
YMM251029-00000002,SMF21246352,사전예약 저농약 황금향 2.5kg+감귤 대과 2.5kg 추가증정,대과,2.5,1,33000.0,23000.0,10000,0.30303030303030304,0,13200.0
YMM251029-00000003,SMF28240458,과즙폭발 꿀당도 보장 감귤 [유라실생],소과,5.0,1,34900.0,34900.0,0,0.0,0,6980.0
YMM251029-00000004,SMF87846210,"2025 첫수확 노지감귤 가정용 3kg, 5kg",소과,10.0,1,35000.0,23000.0,12000,0.34285714285714286,0,3500.0
YMM251029-00000005,SMF21246352,사전예약 저농약 황금향 2.5kg+감귤 대과 2.5kg 추가증정,대과,2.5,1,33000.0,23000.0,10000,0.30303030303030304,0,13200.0
YMM251029-00000006,SMF28240458,과즙폭발 꿀당도 보장 감귤 [유라실생],소과,5.0,1,34900.0,34900.0,0,0.0,0,6980.0
YMM251029-00000007,SMF28240458,과즙폭발 꿀당도 보장 감귤 [유라실생],소과,10.0,1,44900.0,44900.0,0,0.0,0,4490.0
YMM251029-00000008,SMF21246352,사전예약 저농약 황금향 2.5kg+감귤 대과 2.5kg 추가증정,대과,4.5,1,44000.0,34000.0,10000,0.22727272727272727,0,9777.777777777777
YMM251029-00000009,SMF28240458,과즙폭발 꿀당도 보장 감귤 [유라실생],소과,3.0,1,24900.0,24900.0,0,0.0,0,8300.0
YMM251029-00000010,SMF21246352,사전예약 저농약 황금향 2.5kg+감귤 대과 2.5kg 추가증정,대과,2.5,1,33000.0,23000.0,10000,0.30303030303030304,0,13200.0
YMM251029-00000011,SMF21246352,사전예약 저농약 황금향 2.5kg+감귤 대과 2.5kg 추가증정,대과,2.5,1,33000.0,23000.0,10000,0.30303030303030304,0,13200.0
YMM251029-00000012,SMF21246352,사전예약 저농약 황금향 2.5kg+감귤 대과 2.5kg 추가증정,대과,2.5,1,33000.0,23000.0,10000,0.30303030303030304,0,13200.0
YMM251029-00000013,SMF87846210,"2025 첫수확 노지감귤 가정용 3kg, 5kg",소과,3.0,1,17000.0,8800.0,8200,0.4823529411764706,0,5666.666666666667
YMM251029-00000014,SMF21246352,사전예약 저농약 황금향 2.5kg+감귤 대과 2.5kg 추가증정,대과,2.5,1,33000.0,23000.0,10000,0.30303030303030304,0,13200.0
YMM251029-00000015,SMF28240458,과즙폭발 꿀당도 보장 감귤 [유라실생],소과,3.0,1,24900.0,24900.0,0,0.0,0,8300.0
YMM251029-00000017,SMF21246352,사전예약 저농약 황금향 2.5kg+감귤 대과 2.5kg 추가증정,대과,2.5,1,33000.0,23000.0,10000,0.30303030303030304,0,13200.0
YMM251029-00000018,SMF21246352,사전예약 저농약 황금향 2.5kg+감귤 대과 2.5kg 추가증정,대과,2.5,1,33000.0,23000.0,10000,0.30303030303030304,0,13200.0
YMM251029-00000019,SMF28240458,과즙폭발 꿀당도 보장 감귤 [유라실생],소과,3.0,1,24900.0,24900.0,0,0.0,0,8300.0
YMM251029-00000021,SMF97813435,과즙폭발 꿀당도 보장 고당도 감귤 2kg + 황금향 2kg,일반,2.0,1,33000.0,23000.0,10000,0.30303030303030304,0,16500.0
YMM251029-00000023,SMF21246352,사전예약 저농약 황금향 2.5kg+감귤 대과 2.5kg 추가증정,대과,2.5,2,33000.0,23000.0,20000,0.30303030303030304,0,26400.0
YMM251029-00000025,SMF21246352,사전예약 저농약 황금향 2.5kg+감귤 대과 2.5kg 추가증정,대과,2.5,1,33000.0,23000.0,10000,0.30303030303030304,0,13200.0
YMM251029-00000026,SMF21246352,사전예약 저농약 황금향 2.5kg+감귤 대과 2.5kg 추가증정,대과,2.5,1,33000.0,23000.0,10000,0.30303030303030304,0,13200.0
YMM251029-00000027,SMF21246352,사전예약 저농약 황금향 2.5kg+감귤 대과 2.5kg 추가증정,대과,2.5,1,33000.0,23000.0,10000,0.30303030303030304,0,13200.0
YMM251029-00000028,SMF21246352,사전예약 저농약 황금향 2.5kg+감귤 대과 2.5kg 추가증정,대과,2.5,1,33000.0,23000.0,10000,0.30303030303030304,0,13200.0
YMM251029-00000029,SMF21246352,사전예약 저농약 황금향 2.5kg+감귤 대과 2.5kg 추가증정,대과,2.5,1,33000.0,23000.0,10000,0.30303030303030304,0,13200.0
YMM251029-00000030,SMF21246352,사전예약 저농약 황금향 2.5kg+감귤 대과 2.5kg 추가증정,대과,2.5,1,33000.0,23000.0,10000,0.30303030303030304,0,13200.0
YMM251029-00000031,SMF87846210,"2025 첫수확 노지감귤 가정용 3kg, 5kg",소과,10.0,1,35000.0,23000.0,12000,0.34285714285714286,0,3500.0
YMM251029-00000032,SMF21246352,사전예약 저농약 황금향 2.5kg+감귤 대과 2.5kg 추가증정,대과,2.5,1,33000.0,23000.0,10000,0.30303030303030304,0,13200.0
YMM251029-00000033,SMF28240458,과즙폭발 꿀당도 보장 감귤 [유라실생],소과,5.0,1,34900.0,34900.0,0,0.0,0,6980.0
YMM251029-00000034,SMF28240458,과즙폭발 꿀당도 보장 감귤 [유라실생],소과,3.0,1,24900.0,24900.0,0,0.0,0,8300.0
YMM251029-00000036,SMF97813435,과즙폭발 꿀당도 보장 고당도 감귤 2kg + 황금향 2kg,일반,2.0,1,33000.0,23000.0,10000,0.30303030303030304,0,16500.0
YMM251029-00000037,SMF28240458,과즙폭발 꿀당도 보장 감귤 [유라실생],소과,3.0,1,24900.0,24900.0,0,0.0,0,8300.0
YMM251029-00000039,SMF21246352,사전예약 저농약 황금향 2.5kg+감귤 대과 2.5kg 추가증정,대과,2.5,1,33000.0,23000.0,10000,0.30303030303030304,0,13200.0
YMM251029-00000040,SMF97813435,과즙폭발 꿀당도 보장 고당도 감귤 2kg + 황금향 2kg,일반,2.0,2,33000.0,23000.0,20000,0.30303030303030304,0,33000.0
YMM251029-00000041,SMF21246352,사전예약 저농약 황금향 2.5kg+감귤 대과 2.5kg 추가증정,대과,2.5,1,33000.0,23000.0,10000,0.30303030303030304,0,13200.0
YMM251029-00000043,SMF28240458,과즙폭발 꿀당도 보장 감귤 [유라실생],소과,10.0,1,44900.0,44900.0,0,0.0,0,4490.0
YMM251029-00000044,SMF21246352,사전예약 저농약 황금향 2.5kg+감귤 대과 2.5kg 추가증정,로얄과,10.0,1,35000.0,25000.0,10000,0.2857142857142857,0,3500.0
YMM251029-00000045,SMF28240458,과즙폭발 꿀당도 보장 감귤 [유라실생],소과,3.0,1,24900.0,24900.0,0,0.0,0,8300.0
YMM251029-00000046,SMF21246352,사전예약 저농약 황금향 2.5kg+감귤 대과 2.5kg 추가증정,대과,4.5,1,44000.0,34000.0,10000,0.22727272727272727,0,9777.777777777777
YMM251029-00000047,SMF21246352,사전예약 저농약 황금향 2.5kg+감귤 대과 2.5kg 추가증정,로얄과,10.0,1,35000.0,25000.0,10000,0.2857142857142857,0,3500.0
YMM251029-00000050,SMF21246352,사전예약 저농약 황금향 2.5kg+감귤 대과 2.5kg 추가증정,대과,2.5,1,33000.0,23000.0,10000,0.30303030303030304,0,13200.0
YMM251029-00000051,SMF97813435,과즙폭발 꿀당도 보장 고당도 감귤 2kg + 황금향 2kg,일반,2.0,1,33000.0,23000.0,10000,0.30303030303030304,0,16500.0
YMM251029-00000053,SMF87846210,"2025 첫수확 노지감귤 가정용 3kg, 5kg",소과,3.0,1,17000.0,8800.0,8200,0.4823529411764706,0,5666.666666666667
YMM251029-00000054,SMF87846210,"2025 첫수확 노지감귤 가정용 3kg, 5kg",소과,5.0,1,24000.0,13300.0,10700,0.44583333333333336,0,4800.0
YMM251029-00000055,SMF28240458,과즙폭발 꿀당도 보장 감귤 [유라실생],소과,5.0,1,34900.0,34900.0,0,0.0,0,6980.0
YMM251029-00000056,SMF97813435,과즙폭발 꿀당도 보장 고당도 감귤 2kg + 황금향 2kg,일반,2.0,1,33000.0,23000.0,10000,0.30303030303030304,0,16500.0
YMM251029-00000057,SMF21246352,사전예약 저농약 황금향 2.5kg+감귤 대과 2.5kg 추가증정,대과,2.5,1,33000.0,23000.0,10000,0.30303030303030304,0,13200.0
YMM251029-00000059,SMF21246352,사전예약 저농약 황금향 2.5kg+감귤 대과 2.5kg 추가증정,대과,4.5,1,44000.0,34000.0,10000,0.22727272727272727,0,9777.777777777777
YMM251029-00000060,SMF87846210,"2025 첫수확 노지감귤 가정용 3kg, 5kg",소과,5.0,1,24000.0,13300.0,10700,0.44583333333333336,0,4800.0
YMM251029-00000061,SMF28240458,과즙폭발 꿀당도 보장 감귤 [유라실생],소과,3.0,1,24900.0,24900.0,0,0.0,0,8300.0
YMM251029-00000062,SMF87846210,"2025 첫수확 노지감귤 가정용 3kg, 5kg",로얄과,10.0,1,35000.0,23000.0,12000,0.34285714285714286,0,3500.0
YMM251029-00000063,SMF21246352,사전예약 저농약 황금향 2.5kg+감귤 대과 2.5kg 추가증정,대과,2.5,1,33000.0,23000.0,10000,0.30303030303030304,0,13200.0
YMM251029-00000065,SMF87846210,"2025 첫수확 노지감귤 가정용 3kg, 5kg",로얄과,5.0,1,24000.0,13300.0,10700,0.44583333333333336,0,4800.0
YMM251029-00000067,SMF28240458,과즙폭발 꿀당도 보장 감귤 [유라실생],소과,3.0,1,24900.0,24900.0,0,0.0,0,8300.0
YMM251029-00000068,SMF87846210,"2025 첫수확 노지감귤 가정용 3kg, 5kg",로얄과,5.0,1,24000.0,13300.0,10700,0.44583333333333336,0,4800.0
YMM251029-00000069,SMF28240458,과즙폭발 꿀당도 보장 감귤 [유라실생],소과,10.0,1,44900.0,44900.0,0,0.0,0,4490.0
YMM251029-00000070,SMF28240458,과즙폭발 꿀당도 보장 감귤 [유라실생],소과,10.0,1,44900.0,44900.0,0,0.0,0,4490.0
YMM251029-00000071,SMF97813435,과즙폭발 꿀당도 보장 고당도 감귤 2kg + 황금향 2kg,일반,2.0,1,33000.0,23000.0,10000,0.30303030303030304,0,16500.0
YMM251029-00000072,SMF87846210,"2025 첫수확 노지감귤 가정용 3kg, 5kg",로얄과,10.0,1,35000.0,23000.0,12000,0.34285714285714286,0,3500.0
YMM251029-00000073,SMF21246352,사전예약 저농약 황금향 2.5kg+감귤 대과 2.5kg 추가증정,대과,2.5,1,33000.0,23000.0,10000,0.30303030303030304,0,13200.0
YMM251029-00000074,SMF21246352,사전예약 저농약 황금향 2.5kg+감귤 대과 2.5kg 추가증정,대과,2.5,1,33000.0,23000.0,10000,0.30303030303030304,0,13200.0
YMM251029-00000075,SMF87846210,"2025 첫수확 노지감귤 가정용 3kg, 5kg",로얄과,5.0,1,24000.0,13300.0,10700,0.44583333333333336,0,4800.0
YMM251029-00000084,SMF28240458,과즙폭발 꿀당도 보장 감귤 [유라실생],소과,3.0,1,24900.0,24900.0,0,0.0,0,8300.0
YMM251029-00000085,SMF21246352,사전예약 저농약 황금향 2.5kg+감귤 대과 2.5kg 추가증정,대과,4.5,1,44000.0,34000.0,10000,0.22727272727272727,0,9777.777777777777
YMM251029-00000087,SMF21246352,사전예약 저농약 황금향 2.5kg+감귤 대과 2.5kg 추가증정,대과,2.5,1,33000.0,23000.0,10000,0.30303030303030304,0,13200.0
YMM251029-00000088,SMF21246352,사전예약 저농약 황금향 2.5kg+감귤 대과 2.5kg 추가증정,대과,4.5,2,44000.0,34000.0,20000,0.22727272727272727,0,19555.555555555555
YMM251029-00000089,SMF21246352,사전예약 저농약 황금향 2.5kg+감귤 대과 2.5kg 추가증정,로얄과,10.0,4,35000.0,25000.0,40000,0.2857142857142857,0,14000.0
YMM251029-00000090,SMF87846210,"2025 첫수확 노지감귤 가정용 3kg, 5kg",소과,5.0,1,24000.0,13300.0,10700,0.44583333333333336,0,4800.0
YMM251029-00000091,SMF28240458,과즙폭발 꿀당도 보장 감귤 [유라실생],소과,5.0,1,34900.0,34900.0,0,0.0,0,6980.0
YMM251029-00000092,SMF21246352,사전예약 저농약 황금향 2.5kg+감귤 대과 2.5kg 추가증정,대과,4.5,3,44000.0,34000.0,30000,0.22727272727272727,0,29333.333333333332
YMM251029-00000093,SMF21246352,사전예약 저농약 황금향 2.5kg+감귤 대과 2.5kg 추가증정,대과,4.5,1,44000.0,34000.0,10000,0.22727272727272727,0,9777.777777777777
YMM251029-00000094,SMF21246352,사전예약 저농약 황금향 2.5kg+감귤 대과 2.5kg 추가증정,대과,2.5,1,33000.0,23000.0,10000,0.30303030303030304,0,13200.0
YMM251029-00000095,SMF87846210,"2025 첫수확 노지감귤 가정용 3kg, 5kg",로얄과,3.0,1,17000.0,8800.0,8200,0.4823529411764706,0,5666.666666666667
YMM251029-00000096,SMF21246352,사전예약 저농약 황금향 2.5kg+감귤 대과 2.5kg 추가증정,대과,2.5,1,33000.0,23000.0,10000,0.30303030303030304,0,13200.0
YMM251029-00000097,SMF21246352,사전예약 저농약 황금향 2.5kg+감귤 대과 2.5kg 추가증정,대과,4.5,1,44000.0,34000.0,10000,0.22727272727272727,0,9777.777777777777
YMM251029-00000099,SMF21246352,사전예약 저농약 황금향 2.5kg+감귤 대과 2.5kg 추가증정,대과,2.5,1,33000.0,23000.0,10000,0.30303030303030304,0,13200.0
YMM251029-00000100,SMF21246352,사전예약 저농약 황금향 2.5kg+감귤 대과 2.5kg 추가증정,대과,4.5,1,44000.0,34000.0,10000,0.22727272727272727,0,9777.777777777777
YMM251029-00000102,SMF21246352,사전예약 저농약 황금향 2.5kg+감귤 대과 2.5kg 추가증정,대과,4.5,1,44000.0,34000.0,10000,0.22727272727272727,0,9777.777777777777
YMM251029-00000103,SMF21246352,사전예약 저농약 황금향 2.5kg+감귤 대과 2.5kg 추가증정,대과,2.5,1,33000.0,23000.0,10000,0.30303030303030304,0,13200.0
YMM251029-00000104,SMF21246352,사전예약 저농약 황금향 2.5kg+감귤 대과 2.5kg 추가증정,대과,2.5,1,33000.0,23000.0,10000,0.30303030303030304,0,13200.0
YMM251029-00000106,SMF21246352,사전예약 저농약 황금향 2.5kg+감귤 대과 2.5kg 추가증정,대과,2.5,1,33000.0,23000.0,10000,0.30303030303030304,0,13200.0
YMM251029-00000107,SMF21246352,사전예약 저농약 황금향 2.5kg+감귤 대과 2.5kg 추가증정,대과,2.5,1,33000.0,23000.0,10000,0.30303030303030304,0,13200.0
YMM251029-00000108,SMF21246352,사전예약 저농약 황금향 2.5kg+감귤 대과 2.5kg 추가증정,대과,4.5,1,44000.0,34000.0,10000,0.22727272727272727,0,9777.777777777777
YMM251029-00000109,SMF21246352,사전예약 저농약 황금향 2.5kg+감귤 대과 2.5kg 추가증정,대과,2.5,1,33000.0,23000.0,10000,0.30303030303030304,0,13200.0
YMM251029-00000111,SMF21246352,사전예약 저농약 황금향 2.5kg+감귤 대과 2.5kg 추가증정,대과,2.5,1,33000.0,23000.0,10000,0.30303030303030304,0,13200.0
YMM251029-00000112,SMF21246352,사전예약 저농약 황금향 2.5kg+감귤 대과 2.5kg 추가증정,대과,4.5,1,44000.0,34000.0,10000,0.22727272727272727,0,9777.777777777777
YMM251029-00000116,SMF21246352,사전예약 저농약 황금향 2.5kg+감귤 대과 2.5kg 추가증정,대과,2.5,1,33000.0,23000.0,10000,0.30303030303030304,0,13200.0
YMM251029-00000118,SMF21246352,사전예약 저농약 황금향 2.5kg+감귤 대과 2.5kg 추가증정,대과,2.5,2,33000.0,23000.0,20000,0.30303030303030304,0,26400.0
YMM251029-00000119,SMF87846210,"2025 첫수확 노지감귤 가정용 3kg, 5kg",로얄과,10.0,1,35000.0,23000.0,12000,0.34285714285714286,0,3500.0
YMM251029-00000120,SMF87846210,"2025 첫수확 노지감귤 가정용 3kg, 5kg",소과,3.0,1,17000.0,8800.0,8200,0.4823529411764706,0,5666.666666666667
YMM251029-00000121,SMF87846210,"2025 첫수확 노지감귤 가정용 3kg, 5kg",로얄과,3.0,5,17000.0,8800.0,41000,0.4823529411764706,0,28333.333333333332
YMM251029-00000122,SMF87846210,"2025 첫수확 노지감귤 가정용 3kg, 5kg",소과,3.0,1,17000.0,8800.0,8200,0.4823529411764706,0,5666.666666666667
YMM251029-00000123,SMF21246352,사전예약 저농약 황금향 2.5kg+감귤 대과 2.5kg 추가증정,대과,2.5,1,33000.0,23000.0,10000,0.30303030303030304,0,13200.0
YMM251029-00000124,SMF87846210,"2025 첫수확 노지감귤 가정용 3kg, 5kg",소과,5.0,1,24000.0,13300.0,10700,0.44583333333333336,0,4800.0
YMM251029-00000125,SMF21246352,사전예약 저농약 황금향 2.5kg+감귤 대과 2.5kg 추가증정,대과,2.5,1,33000.0,23000.0,10000,0.30303030303030304,0,13200.0
YMM251029-00000126,SMF87846210,"2025 첫수확 노지감귤 가정용 3kg, 5kg",소과,5.0,1,24000.0,13300.0,10700,0.44583333333333336,0,4800.0
YMM251029-00000127,SMF29718566,제주 산지직송 황금향 선물세트 가정용,소과,3.0,1,32000.0,15800.0,16200,0.50625,0,10666.666666666666
YMM251029-00000128,SMF87846210,"2025 첫수확 노지감귤 가정용 3kg, 5kg",소과,3.0,1,17000.0,8800.0,8200,0.4823529411764706,0,5666.666666666667
YMM251029-00000129,SMF28240458,과즙폭발 꿀당도 보장 감귤 [유라실생],소과,3.0,1,24900.0,24900.0,0,0.0,0,8300.0
YMM251029-00000130,SMF28240458,과즙폭발 꿀당도 보장 감귤 [유라실생],소과,10.0,1,44900.0,44900.0,0,0.0,0,4490.0
YMM251029-00000132,SMF28240458,과즙폭발 꿀당도 보장 감귤 [유라실생],소과,3.0,1,24900.0,24900.0,0,0.0,0,8300.0
YMM251029-00000134,SMF21246352,사전예약 저농약 황금향 2.5kg+감귤 대과 2.5kg 추가증정,대과,2.5,1,33000.0,23000.0,10000,0.30303030303030304,0,13200.0
YMM251029-00000136,SMF87846210,"2025 첫수확 노지감귤 가정용 3kg, 5kg",소과,3.0,1,17000.0,8800.0,8200,0.4823529411764706,0,5666.666666666667
YMM251029-00000137,SMF21246352,사전예약 저농약 황금향 2.5kg+감귤 대과 2.5kg 추가증정,대과,4.5,1,44000.0,34000.0,10000,0.22727272727272727,0,9777.777777777777
YMM251029-00000139,SMF97813435,과즙폭발 꿀당도 보장 고당도 감귤 2kg + 황금향 2kg,일반,2.0,1,33000.0,23000.0,10000,0.30303030303030304,0,16500.0
YMM251029-00000140,SMF21246352,사전예약 저농약 황금향 2.5kg+감귤 대과 2.5kg 추가증정,대과,4.5,2,34000.0,25000.0,18000,0.2647058823529412,0,15111.111111111111
YMM251029-00000141,SMF21246352,사전예약 저농약 황금향 2.5kg+감귤 대과 2.5kg 추가증정,대과,4.5,1,44000.0,34000.0,10000,0.22727272727272727,0,9777.777777777777
YMM251029-00000142,SMF21246352,사전예약 저농약 황금향 2.5kg+감귤 대과 2.5kg 추가증정,대과,2.5,1,33000.0,23000.0,10000,0.30303030303030304,0,13200.0
YMM251029-00000143,SMF21246352,사전예약 저농약 황금향 2.5kg+감귤 대과 2.5kg 추가증정,대과,2.5,1,33000.0,23000.0,10000,0.30303030303030304,0,13200.0
YMM251029-00000144,SMF28240458,과즙폭발 꿀당도 보장 감귤 [유라실생],소과,3.0,1,24900.0,24900.0,0,0.0,0,8300.0
YMM251029-00000145,SMF21246352,사전예약 저농약 황금향 2.5kg+감귤 대과 2.5kg 추가증정,대과,2.5,1,33000.0,23000.0,10000,0.30303030303030304,0,13200.0
YMM251029-00000146,SMF21246352,사전예약 저농약 황금향 2.5kg+감귤 대과 2.5kg 추가증정,대과,4.5,1,44000.0,34000.0,10000,0.22727272727272727,0,9777.777777777777
YMM251029-00000147,SMF21246352,사전예약 저농약 황금향 2.5kg+감귤 대과 2.5kg 추가증정,대과,4.5,1,44000.0,34000.0,10000,0.22727272727272727,0,9777.777777777777
YMM251029-00000148,SMF21246352,사전예약 저농약 황금향 2.5kg+감귤 대과 2.5kg 추가증정,대과,2.5,1,33000.0,23000.0,10000,0.30303030303030304,0,13200.0
YMM251029-00000149,SMF21246352,사전예약 저농약 황금향 2.5kg+감귤 대과 2.5kg 추가증정,대과,2.5,1,33000.0,23000.0,10000,0.30303030303030304,0,13200.0
YMM251029-00000150,SMF97813435,과즙폭발 꿀당도 보장 고당도 감귤 2kg + 황금향 2kg,일반,2.0,1,33000.0,23000.0,10000,0.30303030303030304,0,16500.0
YMM251029-00000151,SMF28240458,과즙폭발 꿀당도 보장 감귤 [유라실생],소과,3.0,1,24900.0,24900.0,0,0.0,0,8300.0
YMM251029-00000153,SMF21246352,사전예약 저농약 황금향 2.5kg+감귤 대과 2.5kg 추가증정,대과,2.5,1,33000.0,23000.0,10000,0.30303030303030304,0,13200.0
YMM251029-00000154,SMF21246352,사전예약 저농약 황금향 2.5kg+감귤 대과 2.5kg 추가증정,대과,4.5,1,44000.0,34000.0,10000,0.22727272727272727,0,9777.777777777777
YMM251030-00000001,SMF21246352,사전예약 저농약 황금향 2.5kg+감귤 대과 2.5kg 추가증정,대과,2.5,1,33000.0,23000.0,10000,0.30303030303030304,0,13200.0
YMM251030-00000002,SMF87846210,"2025 첫수확 노지감귤 가정용 3kg, 5kg",소과,10.0,1,35000.0,23000.0,12000,0.34285714285714286,0,3500.0
YMM251030-00000003,SMF21246352,사전예약 저농약 황금향 2.5kg+감귤 대과 2.5kg 추가증정,대과,4.5,1,44000.0,34000.0,10000,0.22727272727272727,0,9777.777777777777
YMM251030-00000004,SMF21246352,사전예약 저농약 황금향 2.5kg+감귤 대과 2.5kg 추가증정,대과,4.5,1,44000.0,34000.0,10000,0.22727272727272727,0,9777.777777777777
YMM251030-00000005,SMF21246352,사전예약 저농약 황금향 2.5kg+감귤 대과 2.5kg 추가증정,대과,2.5,1,33000.0,23000.0,10000,0.30303030303030304,0,13200.0
YMM251030-00000006,SMF87846210,"2025 첫수확 노지감귤 가정용 3kg, 5kg",로얄과,3.0,1,17000.0,8800.0,8200,0.4823529411764706,0,5666.666666666667
YMM251030-00000007,SMF21246352,사전예약 저농약 황금향 2.5kg+감귤 대과 2.5kg 추가증정,대과,2.5,1,33000.0,23000.0,10000,0.30303030303030304,0,13200.0
YMM251030-00000008,SMF21246352,사전예약 저농약 황금향 2.5kg+감귤 대과 2.5kg 추가증정,대과,2.5,1,33000.0,23000.0,10000,0.30303030303030304,0,13200.0
YMM251030-00000009,SMF21246352,사전예약 저농약 황금향 2.5kg+감귤 대과 2.5kg 추가증정,대과,2.5,1,33000.0,23000.0,10000,0.30303030303030304,0,13200.0
YMM251030-00000010,SMF28240458,과즙폭발 꿀당도 보장 감귤 [유라실생],소과,5.0,3,34900.0,34900.0,0,0.0,0,20940.0
YMM251030-00000011,SMF28240458,과즙폭발 꿀당도 보장 감귤 [유라실생],소과,10.0,1,44900.0,44900.0,0,0.0,0,4490.0
YMM251030-00000012,SMF28240458,과즙폭발 꿀당도 보장 감귤 [유라실생],소과,5.0,1,34900.0,34900.0,0,0.0,0,6980.0
YMM251030-00000014,SMF28240458,과즙폭발 꿀당도 보장 감귤 [유라실생],소과,10.0,1,44900.0,44900.0,0,0.0,0,4490.0
YMM251030-00000015,SMF21246352,사전예약 저농약 황금향 2.5kg+감귤 대과 2.5kg 추가증정,대과,4.5,1,44000.0,34000.0,10000,0.22727272727272727,0,9777.777777777777
YMM251030-00000016,SMF21246352,사전예약 저농약 황금향 2.5kg+감귤 대과 2.5kg 추가증정,대과,4.5,1,44000.0,34000.0,10000,0.22727272727272727,0,9777.777777777777
YMM251030-00000017,SMF87846210,"2025 첫수확 노지감귤 가정용 3kg, 5kg",로얄과,3.0,1,17000.0,8800.0,8200,0.4823529411764706,0,5666.666666666667
YMM251030-00000018,SMF21246352,사전예약 저농약 황금향 2.5kg+감귤 대과 2.5kg 추가증정,대과,2.5,1,33000.0,23000.0,10000,0.30303030303030304,0,13200.0
YMM251030-00000019,SMF28240458,과즙폭발 꿀당도 보장 감귤 [유라실생],소과,10.0,1,44900.0,44900.0,0,0.0,0,4490.0
YMM251030-00000020,SMF21246352,사전예약 저농약 황금향 2.5kg+감귤 대과 2.5kg 추가증정,대과,2.5,1,33000.0,23000.0,10000,0.30303030303030304,0,13200.0
YMM251030-00000021,SMF21246352,사전예약 저농약 황금향 2.5kg+감귤 대과 2.5kg 추가증정,대과,2.5,1,33000.0,23000.0,10000,0.30303030303030304,0,13200.0
YMM251030-00000022,SMF21246352,사전예약 저농약 황금향 2.5kg+감귤 대과 2.5kg 추가증정,대과,4.5,1,44000.0,34000.0,10000,0.22727272727272727,0,9777.777777777777
YMM251030-00000023,SMF87846210,"2025 첫수확 노지감귤 가정용 3kg, 5kg",로얄과,10.0,1,35000.0,23000.0,12000,0.34285714285714286,0,3500.0
YMM251030-00000024,SMF21246352,사전예약 저농약 황금향 2.5kg+감귤 대과 2.5kg 추가증정,대과,4.5,1,44000.0,34000.0,10000,0.22727272727272727,0,9777.777777777777
YMM251030-00000025,SMF21246352,사전예약 저농약 황금향 2.5kg+감귤 대과 2.5kg 추가증정,대과,2.5,1,33000.0,23000.0,10000,0.30303030303030304,0,13200.0
YMM251030-00000026,SMF21246352,사전예약 저농약 황금향 2.5kg+감귤 대과 2.5kg 추가증정,대과,2.5,3,33000.0,23000.0,30000,0.30303030303030304,0,39600.0
YMM251030-00000027,SMF21246352,사전예약 저농약 황금향 2.5kg+감귤 대과 2.5kg 추가증정,대과,4.5,1,44000.0,34000.0,10000,0.22727272727272727,0,9777.777777777777
YMM251030-00000029,SMF21246352,사전예약 저농약 황금향 2.5kg+감귤 대과 2.5kg 추가증정,대과,2.5,3,33000.0,23000.0,30000,0.30303030303030304,0,39600.0
YMM251030-00000031,SMF28240458,과즙폭발 꿀당도 보장 감귤 [유라실생],소과,5.0,1,34900.0,34900.0,0,0.0,0,6980.0
YMM251030-00000032,SMF97813435,과즙폭발 꿀당도 보장 고당도 감귤 2kg + 황금향 2kg,일반,2.0,1,33000.0,23000.0,10000,0.30303030303030304,0,16500.0
YMM251030-00000033,SMF21246352,사전예약 저농약 황금향 2.5kg+감귤 대과 2.5kg 추가증정,대과,2.5,1,33000.0,23000.0,10000,0.30303030303030304,0,13200.0
YMM251030-00000036,SMF21246352,사전예약 저농약 황금향 2.5kg+감귤 대과 2.5kg 추가증정,대과,2.5,1,33000.0,23000.0,10000,0.30303030303030304,0,13200.0
YMM251030-00000037,SMF21246352,사전예약 저농약 황금향 2.5kg+감귤 대과 2.5kg 추가증정,대과,2.5,1,33000.0,23000.0,10000,0.30303030303030304,0,13200.0
YMM251030-00000038,SMF29718566,제주 산지직송 황금향 선물세트 가정용,소과,5.0,1,42000.0,25000.0,17000,0.40476190476190477,0,8400.0
YMM251030-00000039,SMF21246352,사전예약 저농약 황금향 2.5kg+감귤 대과 2.5kg 추가증정,대과,2.5,1,33000.0,23000.0,10000,0.30303030303030304,0,13200.0
YMM251030-00000040,SMF21246352,사전예약 저농약 황금향 2.5kg+감귤 대과 2.5kg 추가증정,대과,2.5,1,33000.0,23000.0,10000,0.30303030303030304,0,13200.0
YMM251030-00000041,SMF28240458,과즙폭발 꿀당도 보장 감귤 [유라실생],소과,5.0,1,34900.0,34900.0,0,0.0,0,6980.0
YMM251030-00000042,SMF21246352,사전예약 저농약 황금향 2.5kg+감귤 대과 2.5kg 추가증정,대과,4.5,1,44000.0,34000.0,10000,0.22727272727272727,0,9777.777777777777
YMM251030-00000043,SMF21246352,사전예약 저농약 황금향 2.5kg+감귤 대과 2.5kg 추가증정,대과,2.5,1,33000.0,23000.0,10000,0.30303030303030304,0,13200.0
YMM251030-00000044,SMF21246352,사전예약 저농약 황금향 2.5kg+감귤 대과 2.5kg 추가증정,대과,2.5,1,33000.0,23000.0,10000,0.30303030303030304,0,13200.0
YMM251030-00000045,SMF21246352,사전예약 저농약 황금향 2.5kg+감귤 대과 2.5kg 추가증정,로얄과,10.0,1,35000.0,25000.0,10000,0.2857142857142857,0,3500.0
YMM251030-00000047,SMF21246352,사전예약 저농약 황금향 2.5kg+감귤 대과 2.5kg 추가증정,대과,2.5,1,33000.0,23000.0,10000,0.30303030303030304,0,13200.0
YMM251030-00000048,SMF21246352,사전예약 저농약 황금향 2.5kg+감귤 대과 2.5kg 추가증정,로얄과,10.0,1,35000.0,25000.0,10000,0.2857142857142857,0,3500.0
YMM251030-00000049,SMF28240458,과즙폭발 꿀당도 보장 감귤 [유라실생],소과,3.0,1,24900.0,24900.0,0,0.0,0,8300.0
YMM251030-00000050,SMF21246352,사전예약 저농약 황금향 2.5kg+감귤 대과 2.5kg 추가증정,대과,2.5,1,33000.0,23000.0,10000,0.30303030303030304,0,13200.0
YMM251030-00000051,SMF21246352,사전예약 저농약 황금향 2.5kg+감귤 대과 2.5kg 추가증정,대과,2.5,1,33000.0,23000.0,10000,0.30303030303030304,0,13200.0
YMM251030-00000052,SMF87846210,"2025 첫수확 노지감귤 가정용 3kg, 5kg",소과,10.0,1,35000.0,23000.0,12000,0.34285714285714286,0,3500.0
YMM251030-00000053,SMF28240458,과즙폭발 꿀당도 보장 감귤 [유라실생],소과,10.0,1,44900.0,44900.0,0,0.0,0,4490.0
YMM251030-00000054,SMF87846210,"2025 첫수확 노지감귤 가정용 3kg, 5kg",로얄과,3.0,1,17000.0,8800.0,8200,0.4823529411764706,0,5666.666666666667
YMM251030-00000055,SMF21246352,사전예약 저농약 황금향 2.5kg+감귤 대과 2.5kg 추가증정,로얄과,5.0,1,24000.0,16000.0,8000,0.3333333333333333,0,4800.0
YMM251030-00000056,SMF97813435,과즙폭발 꿀당도 보장 고당도 감귤 2kg + 황금향 2kg,일반,2.0,1,33000.0,23000.0,10000,0.30303030303030304,0,16500.0
YMM251030-00000057,SMF87846210,"2025 첫수확 노지감귤 가정용 3kg, 5kg",소과,10.0,1,35000.0,23000.0,12000,0.34285714285714286,0,3500.0
YMM251030-00000058,SMF28240458,과즙폭발 꿀당도 보장 감귤 [유라실생],소과,3.0,1,24900.0,24900.0,0,0.0,0,8300.0
YMM251030-00000059,SMF87846210,"2025 첫수확 노지감귤 가정용 3kg, 5kg",로얄과,5.0,1,24000.0,13300.0,10700,0.44583333333333336,0,4800.0
YMM251030-00000061,SMF87846210,"2025 첫수확 노지감귤 가정용 3kg, 5kg",소과,3.0,1,17000.0,8800.0,8200,0.4823529411764706,0,5666.666666666667
YMM251030-00000062,SMF21246352,사전예약 저농약 황금향 2.5kg+감귤 대과 2.5kg 추가증정,대과,4.5,1,44000.0,34000.0,10000,0.22727272727272727,0,9777.777777777777
YMM251030-00000063,SMF28240458,과즙폭발 꿀당도 보장 감귤 [유라실생],소과,5.0,1,34900.0,34900.0,0,0.0,0,6980.0
YMM251030-00000064,SMF21246352,사전예약 저농약 황금향 2.5kg+감귤 대과 2.5kg 추가증정,대과,2.5,2,33000.0,23000.0,20000,0.30303030303030304,0,26400.0
YMM251030-00000065,SMF87846210,"2025 첫수확 노지감귤 가정용 3kg, 5kg",소과,3.0,1,17000.0,8800.0,8200,0.4823529411764706,0,5666.666666666667
YMM251030-00000066,SMF87846210,"2025 첫수확 노지감귤 가정용 3kg, 5kg",로얄과,3.0,1,17000.0,8800.0,8200,0.4823529411764706,0,5666.666666666667
YMM251030-00000067,SMF87846210,"2025 첫수확 노지감귤 가정용 3kg, 5kg",소과,3.0,1,17000.0,8800.0,8200,0.4823529411764706,0,5666.666666666667
YMM251030-00000069,SMF87846210,"2025 첫수확 노지감귤 가정용 3kg, 5kg",로얄과,10.0,1,35000.0,23000.0,12000,0.34285714285714286,0,3500.0
YMM251030-00000070,SMF21246352,사전예약 저농약 황금향 2.5kg+감귤 대과 2.5kg 추가증정,대과,2.5,1,33000.0,23000.0,10000,0.30303030303030304,0,13200.0
YMM251030-00000071,SMF21246352,사전예약 저농약 황금향 2.5kg+감귤 대과 2.5kg 추가증정,대과,2.5,1,33000.0,23000.0,10000,0.30303030303030304,0,13200.0
YMM251030-00000072,SMF28240458,과즙폭발 꿀당도 보장 감귤 [유라실생],소과,3.0,1,24900.0,24900.0,0,0.0,0,8300.0
YMM251030-00000073,SMF87846210,"2025 첫수확 노지감귤 가정용 3kg, 5kg",로얄과,10.0,1,35000.0,23000.0,12000,0.34285714285714286,0,3500.0
YMM251030-00000074,SMF21246352,사전예약 저농약 황금향 2.5kg+감귤 대과 2.5kg 추가증정,로얄과,10.0,1,35000.0,25000.0,10000,0.2857142857142857,0,3500.0
YMM251030-00000075,SMF87846210,"2025 첫수확 노지감귤 가정용 3kg, 5kg",로얄과,10.0,2,35000.0,23000.0,24000,0.34285714285714286,0,7000.0
YMM251030-00000076,SMF87846210,"2025 첫수확 노지감귤 가정용 3kg, 5kg",소과,3.0,1,17000.0,8800.0,8200,0.4823529411764706,0,5666.666666666667
YMM251030-00000077,SMF21246352,사전예약 저농약 황금향 2.5kg+감귤 대과 2.5kg 추가증정,대과,2.5,1,33000.0,23000.0,10000,0.30303030303030304,0,13200.0
YMM251030-00000078,SMF87846210,"2025 첫수확 노지감귤 가정용 3kg, 5kg",소과,10.0,1,35000.0,23000.0,12000,0.34285714285714286,0,3500.0
YMM251030-00000079,SMF87846210,"2025 첫수확 노지감귤 가정용 3kg, 5kg",로얄과,5.0,1,24000.0,13300.0,10700,0.44583333333333336,0,4800.0
YMM251030-00000080,SMF21246352,사전예약 저농약 황금향 2.5kg+감귤 대과 2.5kg 추가증정,대과,4.5,1,44000.0,34000.0,10000,0.22727272727272727,0,9777.777777777777
YMM251030-00000081,SMF21246352,사전예약 저농약 황금향 2.5kg+감귤 대과 2.5kg 추가증정,대과,2.5,1,33000.0,23000.0,10000,0.30303030303030304,0,13200.0
YMM251030-00000082,SMF21246352,사전예약 저농약 황금향 2.5kg+감귤 대과 2.5kg 추가증정,대과,2.5,1,33000.0,23000.0,10000,0.30303030303030304,0,13200.0
YMM251030-00000083,SMF28240458,과즙폭발 꿀당도 보장 감귤 [유라실생],소과,10.0,1,44900.0,44900.0,0,0.0,0,4490.0
YMM251030-00000084,SMF28240458,과즙폭발 꿀당도 보장 감귤 [유라실생],소과,3.0,1,24900.0,24900.0,0,0.0,0,8300.0
YMM251030-00000085,SMF28240458,과즙폭발 꿀당도 보장 감귤 [유라실생],소과,10.0,1,44900.0,44900.0,0,0.0,0,4490.0
YMM251030-00000086,SMF28240458,과즙폭발 꿀당도 보장 감귤 [유라실생],소과,3.0,1,24900.0,24900.0,0,0.0,0,8300.0
YMM251030-00000087,SMF28240458,과즙폭발 꿀당도 보장 감귤 [유라실생],소과,5.0,1,34900.0,34900.0,0,0.0,0,6980.0
YMM251030-00000088,SMF21246352,사전예약 저농약 황금향 2.5kg+감귤 대과 2.5kg 추가증정,대과,2.5,1,33000.0,23000.0,10000,0.30303030303030304,0,13200.0
YMM251030-00000089,SMF21246352,사전예약 저농약 황금향 2.5kg+감귤 대과 2.5kg 추가증정,대과,2.5,1,33000.0,23000.0,10000,0.30303030303030304,0,13200.0
YMM251030-00000090,SMF21246352,사전예약 저농약 황금향 2.5kg+감귤 대과 2.5kg 추가증정,대과,2.5,1,33000.0,23000.0,10000,0.30303030303030304,0,13200.0
YMM251030-00000091,SMF29718566,제주 산지직송 황금향 선물세트 가정용,중대과,2.5,1,39000.0,25000.0,14000,0.358974358974359,0,15600.0
YMM251030-00000093,SMF87846210,"2025 첫수확 노지감귤 가정용 3kg, 5kg",소과,3.0,1,17000.0,8800.0,8200,0.4823529411764706,0,5666.666666666667
YMM251030-00000094,SMF21246352,사전예약 저농약 황금향 2.5kg+감귤 대과 2.5kg 추가증정,대과,4.5,1,44000.0,34000.0,10000,0.22727272727272727,0,9777.777777777777
YMM251030-00000095,SMF28240458,과즙폭발 꿀당도 보장 감귤 [유라실생],소과,5.0,6,34900.0,34900.0,0,0.0,0,41880.0
YMM251030-00000096,SMF87846210,"2025 첫수확 노지감귤 가정용 3kg, 5kg",소과,3.0,1,17000.0,8800.0,8200,0.4823529411764706,0,5666.666666666667
YMM251030-00000097,SMF28240458,과즙폭발 꿀당도 보장 감귤 [유라실생],소과,3.0,1,24900.0,24900.0,0,0.0,0,8300.0
YMM251030-00000098,SMF28240458,과즙폭발 꿀당도 보장 감귤 [유라실생],소과,3.0,1,24900.0,24900.0,0,0.0,0,8300.0
YMM251030-00000099,SMF28240458,과즙폭발 꿀당도 보장 감귤 [유라실생],소과,5.0,1,34900.0,34900.0,0,0.0,0,6980.0
YMM251030-00000100,SMF28240458,과즙폭발 꿀당도 보장 감귤 [유라실생],소과,10.0,1,44900.0,44900.0,0,0.0,0,4490.0
YMM251030-00000101,SMF21246352,사전예약 저농약 황금향 2.5kg+감귤 대과 2.5kg 추가증정,대과,2.5,1,33000.0,23000.0,10000,0.30303030303030304,0,13200.0
YMM251030-00000102,SMF28240458,과즙폭발 꿀당도 보장 감귤 [유라실생],소과,3.0,1,24900.0,24900.0,0,0.0,0,8300.0
YMM251030-00000104,SMF21246352,사전예약 저농약 황금향 2.5kg+감귤 대과 2.5kg 추가증정,대과,2.5,1,33000.0,23000.0,10000,0.30303030303030304,0,13200.0
YMM251030-00000105,SMF28240458,과즙폭발 꿀당도 보장 감귤 [유라실생],소과,5.0,1,34900.0,34900.0,0,0.0,0,6980.0
YMM251030-00000106,SMF21246352,사전예약 저농약 황금향 2.5kg+감귤 대과 2.5kg 추가증정,대과,2.5,1,33000.0,23000.0,10000,0.30303030303030304,0,13200.0
YMM251030-00000107,SMF87846210,"2025 첫수확 노지감귤 가정용 3kg, 5kg",로얄과,3.0,1,17000.0,8800.0,8200,0.4823529411764706,0,5666.666666666667
YMM251030-00000109,SMF21246352,사전예약 저농약 황금향 2.5kg+감귤 대과 2.5kg 추가증정,대과,2.5,1,33000.0,23000.0,10000,0.30303030303030304,0,13200.0
YMM251030-00000110,SMF28240458,과즙폭발 꿀당도 보장 감귤 [유라실생],소과,5.0,1,34900.0,34900.0,0,0.0,0,6980.0
YMM251030-00000111,SMF21246352,사전예약 저농약 황금향 2.5kg+감귤 대과 2.5kg 추가증정,대과,4.5,1,44000.0,34000.0,10000,0.22727272727272727,0,9777.777777777777
YMM251030-00000112,SMF21246352,사전예약 저농약 황금향 2.5kg+감귤 대과 2.5kg 추가증정,대과,2.5,1,33000.0,23000.0,10000,0.30303030303030304,0,13200.0
YMM251030-00000113,SMF28240458,과즙폭발 꿀당도 보장 감귤 [유라실생],소과,3.0,1,24900.0,24900.0,0,0.0,0,8300.0
YMM251030-00000115,SMF28240458,과즙폭발 꿀당도 보장 감귤 [유라실생],소과,3.0,1,24900.0,24900.0,0,0.0,0,8300.0
YMM251030-00000117,SMF21246352,사전예약 저농약 황금향 2.5kg+감귤 대과 2.5kg 추가증정,대과,2.5,1,33000.0,23000.0,10000,0.30303030303030304,0,13200.0
YMM251030-00000118,SMF21246352,사전예약 저농약 황금향 2.5kg+감귤 대과 2.5kg 추가증정,대과,4.5,1,44000.0,34000.0,10000,0.22727272727272727,0,9777.777777777777
YMM251030-00000120,SMF21246352,사전예약 저농약 황금향 2.5kg+감귤 대과 2.5kg 추가증정,대과,2.5,1,33000.0,23000.0,10000,0.30303030303030304,0,13200.0
YMM251030-00000121,SMF21246352,사전예약 저농약 황금향 2.5kg+감귤 대과 2.5kg 추가증정,대과,2.5,1,33000.0,23000.0,10000,0.30303030303030304,0,13200.0
YMM251030-00000123,SMF21246352,사전예약 저농약 황금향 2.5kg+감귤 대과 2.5kg 추가증정,대과,4.5,1,44000.0,34000.0,10000,0.22727272727272727,0,9777.777777777777
YMM251030-00000124,SMF21246352,사전예약 저농약 황금향 2.5kg+감귤 대과 2.5kg 추가증정,대과,2.5,1,33000.0,23000.0,10000,0.30303030303030304,0,13200.0
YMM251030-00000125,SMF21246352,사전예약 저농약 황금향 2.5kg+감귤 대과 2.5kg 추가증정,대과,2.5,1,33000.0,23000.0,10000,0.30303030303030304,0,13200.0
YMM251030-00000126,SMF97813435,과즙폭발 꿀당도 보장 고당도 감귤 2kg + 황금향 2kg,일반,2.0,2,33000.0,23000.0,20000,0.30303030303030304,0,33000.0
YMM251030-00000127,SMF21246352,사전예약 저농약 황금향 2.5kg+감귤 대과 2.5kg 추가증정,대과,2.5,1,33000.0,23000.0,10000,0.30303030303030304,0,13200.0
YMM251030-00000128,SMF97813435,과즙폭발 꿀당도 보장 고당도 감귤 2kg + 황금향 2kg,일반,2.0,1,33000.0,23000.0,10000,0.30303030303030304,0,16500.0
YMM251030-00000130,SMF97813435,과즙폭발 꿀당도 보장 고당도 감귤 2kg + 황금향 2kg,일반,2.0,1,33000.0,23000.0,10000,0.30303030303030304,0,16500.0
YMM251030-00000131,SMF97813435,과즙폭발 꿀당도 보장 고당도 감귤 2kg + 황금향 2kg,일반,2.0,1,33000.0,23000.0,10000,0.30303030303030304,0,16500.0
YMM251030-00000132,SMF21246352,사전예약 저농약 황금향 2.5kg+감귤 대과 2.5kg 추가증정,대과,2.5,1,33000.0,23000.0,10000,0.30303030303030304,0,13200.0
YMM251030-00000135,SMF87846210,"2025 첫수확 노지감귤 가정용 3kg, 5kg",로얄과,5.0,1,24000.0,13300.0,10700,0.44583333333333336,0,4800.0
YMM251030-00000136,SMF97813435,과즙폭발 꿀당도 보장 고당도 감귤 2kg + 황금향 2kg,일반,2.0,1,33000.0,23000.0,10000,0.30303030303030304,0,16500.0
YMM251030-00000137,SMF28240458,과즙폭발 꿀당도 보장 감귤 [유라실생],소과,3.0,1,24900.0,24900.0,0,0.0,0,8300.0
YMM251031-00000001,SMF28240458,과즙폭발 꿀당도 보장 감귤 [유라실생],소과,3.0,1,24900.0,24900.0,0,0.0,0,8300.0
YMM251031-00000003,SMF21246352,사전예약 저농약 황금향 2.5kg+감귤 대과 2.5kg 추가증정,대과,4.5,1,44000.0,34000.0,10000,0.22727272727272727,0,9777.777777777777
YMM251031-00000004,SMF21246352,사전예약 저농약 황금향 2.5kg+감귤 대과 2.5kg 추가증정,대과,4.5,1,44000.0,34000.0,10000,0.22727272727272727,0,9777.777777777777
YMM251031-00000005,SMF21246352,사전예약 저농약 황금향 2.5kg+감귤 대과 2.5kg 추가증정,대과,4.5,1,44000.0,34000.0,10000,0.22727272727272727,0,9777.777777777777
YMM251031-00000006,SMF21246352,사전예약 저농약 황금향 2.5kg+감귤 대과 2.5kg 추가증정,대과,4.5,1,44000.0,34000.0,10000,0.22727272727272727,0,9777.777777777777
YMM251031-00000007,SMF21246352,사전예약 저농약 황금향 2.5kg+감귤 대과 2.5kg 추가증정,대과,2.5,1,33000.0,23000.0,10000,0.30303030303030304,0,13200.0
YMM251031-00000008,SMF21246352,사전예약 저농약 황금향 2.5kg+감귤 대과 2.5kg 추가증정,대과,4.5,1,44000.0,34000.0,10000,0.22727272727272727,0,9777.777777777777
YMM251031-00000010,SMF87846210,"2025 첫수확 노지감귤 가정용 3kg, 5kg",로얄과,10.0,1,35000.0,23000.0,12000,0.34285714285714286,0,3500.0
YMM251031-00000011,SMF21246352,사전예약 저농약 황금향 2.5kg+감귤 대과 2.5kg 추가증정,대과,4.5,1,44000.0,34000.0,10000,0.22727272727272727,0,9777.777777777777
YMM251031-00000012,SMF21246352,사전예약 저농약 황금향 2.5kg+감귤 대과 2.5kg 추가증정,대과,4.5,1,44000.0,34000.0,10000,0.22727272727272727,0,9777.777777777777
YMM251031-00000013,SMF21246352,사전예약 저농약 황금향 2.5kg+감귤 대과 2.5kg 추가증정,대과,4.5,1,44000.0,34000.0,10000,0.22727272727272727,0,9777.777777777777
YMM251031-00000015,SMF21246352,사전예약 저농약 황금향 2.5kg+감귤 대과 2.5kg 추가증정,대과,2.5,1,33000.0,23000.0,10000,0.30303030303030304,0,13200.0
YMM251031-00000016,SMF87846210,"2025 첫수확 노지감귤 가정용 3kg, 5kg",소과,3.0,1,17000.0,8800.0,8200,0.4823529411764706,0,5666.666666666667
YMM251031-00000017,SMF87846210,"2025 첫수확 노지감귤 가정용 3kg, 5kg",소과,5.0,1,24000.0,13300.0,10700,0.44583333333333336,0,4800.0
YMM251031-00000018,SMF21246352,사전예약 저농약 황금향 2.5kg+감귤 대과 2.5kg 추가증정,대과,2.5,1,33000.0,23000.0,10000,0.30303030303030304,0,13200.0
YMM251031-00000019,SMF21246352,사전예약 저농약 황금향 2.5kg+감귤 대과 2.5kg 추가증정,대과,2.5,1,33000.0,23000.0,10000,0.30303030303030304,0,13200.0
YMM251031-00000020,SMF87846210,"2025 첫수확 노지감귤 가정용 3kg, 5kg",소과,3.0,1,17000.0,8800.0,8200,0.4823529411764706,0,5666.666666666667
YMM251031-00000021,SMF21246352,사전예약 저농약 황금향 2.5kg+감귤 대과 2.5kg 추가증정,대과,2.5,5,33000.0,23000.0,50000,0.30303030303030304,0,66000.0
YMM251031-00000022,SMF21246352,사전예약 저농약 황금향 2.5kg+감귤 대과 2.5kg 추가증정,대과,2.5,5,33000.0,23000.0,50000,0.30303030303030304,0,66000.0
YMM251031-00000023,SMF21246352,사전예약 저농약 황금향 2.5kg+감귤 대과 2.5kg 추가증정,대과,2.5,1,33000.0,23000.0,10000,0.30303030303030304,0,13200.0
YMM251031-00000024,SMF28240458,과즙폭발 꿀당도 보장 감귤 [유라실생],소과,5.0,1,34900.0,34900.0,0,0.0,0,6980.0
YMM251031-00000025,SMF28240458,과즙폭발 꿀당도 보장 감귤 [유라실생],소과,10.0,1,44900.0,44900.0,0,0.0,0,4490.0
YMM251031-00000026,SMF21246352,사전예약 저농약 황금향 2.5kg+감귤 대과 2.5kg 추가증정,대과,2.5,1,33000.0,23000.0,10000,0.30303030303030304,0,13200.0
YMM251031-00000027,SMF87846210,"2025 첫수확 노지감귤 가정용 3kg, 5kg",로얄과,3.0,1,17000.0,8800.0,8200,0.4823529411764706,0,5666.666666666667
YMM251031-00000028,SMF87846210,"2025 첫수확 노지감귤 가정용 3kg, 5kg",로얄과,3.0,1,17000.0,8800.0,8200,0.4823529411764706,0,5666.666666666667
YMM251031-00000029,SMF87846210,"2025 첫수확 노지감귤 가정용 3kg, 5kg",로얄과,3.0,1,17000.0,8800.0,8200,0.4823529411764706,0,5666.666666666667
YMM251031-00000030,SMF21246352,사전예약 저농약 황금향 2.5kg+감귤 대과 2.5kg 추가증정,대과,2.5,1,33000.0,23000.0,10000,0.30303030303030304,0,13200.0
YMM251031-00000031,SMF21246352,사전예약 저농약 황금향 2.5kg+감귤 대과 2.5kg 추가증정,대과,4.5,1,44000.0,34000.0,10000,0.22727272727272727,0,9777.777777777777
YMM251031-00000032,SMF28240458,과즙폭발 꿀당도 보장 감귤 [유라실생],소과,10.0,1,44900.0,44900.0,0,0.0,0,4490.0
YMM251031-00000033,SMF21246352,사전예약 저농약 황금향 2.5kg+감귤 대과 2.5kg 추가증정,대과,2.5,1,33000.0,23000.0,10000,0.30303030303030304,0,13200.0
YMM251031-00000035,SMF21246352,사전예약 저농약 황금향 2.5kg+감귤 대과 2.5kg 추가증정,대과,2.5,1,33000.0,23000.0,10000,0.30303030303030304,0,13200.0
YMM251031-00000036,SMF97813435,과즙폭발 꿀당도 보장 고당도 감귤 2kg + 황금향 2kg,일반,2.0,1,33000.0,23000.0,10000,0.30303030303030304,0,16500.0
YMM251031-00000037,SMF21246352,사전예약 저농약 황금향 2.5kg+감귤 대과 2.5kg 추가증정,대과,2.5,1,33000.0,23000.0,10000,0.30303030303030304,0,13200.0
YMM251031-00000038,SMF21246352,사전예약 저농약 황금향 2.5kg+감귤 대과 2.5kg 추가증정,대과,2.5,1,33000.0,23000.0,10000,0.30303030303030304,0,13200.0
YMM251031-00000039,SMF21246352,사전예약 저농약 황금향 2.5kg+감귤 대과 2.5kg 추가증정,대과,2.5,1,33000.0,23000.0,10000,0.30303030303030304,0,13200.0
YMM251031-00000042,SMF21246352,사전예약 저농약 황금향 2.5kg+감귤 대과 2.5kg 추가증정,대과,2.5,1,33000.0,23000.0,10000,0.30303030303030304,0,13200.0
YMM251031-00000044,SMF21246352,사전예약 저농약 황금향 2.5kg+감귤 대과 2.5kg 추가증정,대과,4.5,2,44000.0,34000.0,20000,0.22727272727272727,0,19555.555555555555
YMM251031-00000045,SMF28240458,과즙폭발 꿀당도 보장 감귤 [유라실생],소과,5.0,1,34900.0,34900.0,0,0.0,0,6980.0
YMM251031-00000046,SMF21246352,사전예약 저농약 황금향 2.5kg+감귤 대과 2.5kg 추가증정,대과,2.5,2,33000.0,23000.0,20000,0.30303030303030304,0,26400.0
YMM251031-00000047,SMF21246352,사전예약 저농약 황금향 2.5kg+감귤 대과 2.5kg 추가증정,대과,4.5,1,44000.0,34000.0,10000,0.22727272727272727,0,9777.777777777777
YMM251031-00000049,SMF21246352,사전예약 저농약 황금향 2.5kg+감귤 대과 2.5kg 추가증정,대과,2.5,1,33000.0,23000.0,10000,0.30303030303030304,0,13200.0
YMM251031-00000050,SMF21246352,사전예약 저농약 황금향 2.5kg+감귤 대과 2.5kg 추가증정,대과,2.5,1,33000.0,23000.0,10000,0.30303030303030304,0,13200.0
YMM251031-00000051,SMF21246352,사전예약 저농약 황금향 2.5kg+감귤 대과 2.5kg 추가증정,대과,4.5,1,44000.0,34000.0,10000,0.22727272727272727,0,9777.777777777777
YMM251031-00000052,SMF21246352,사전예약 저농약 황금향 2.5kg+감귤 대과 2.5kg 추가증정,대과,4.5,1,44000.0,34000.0,10000,0.22727272727272727,0,9777.777777777777
YMM251031-00000053,SMF21246352,사전예약 저농약 황금향 2.5kg+감귤 대과 2.5kg 추가증정,대과,4.5,1,44000.0,34000.0,10000,0.22727272727272727,0,9777.777777777777
YMM251031-00000054,SMF21246352,사전예약 저농약 황금향 2.5kg+감귤 대과 2.5kg 추가증정,대과,4.5,1,44000.0,34000.0,10000,0.22727272727272727,0,9777.777777777777
YMM251031-00000055,SMF87846210,"2025 첫수확 노지감귤 가정용 3kg, 5kg",로얄과,5.0,1,24000.0,13300.0,10700,0.44583333333333336,0,4800.0
YMM251031-00000056,SMF21246352,사전예약 저농약 황금향 2.5kg+감귤 대과 2.5kg 추가증정,대과,2.5,1,33000.0,23000.0,10000,0.30303030303030304,0,13200.0
YMM251031-00000057,SMF21246352,사전예약 저농약 황금향 2.5kg+감귤 대과 2.5kg 추가증정,대과,2.5,1,33000.0,23000.0,10000,0.30303030303030304,0,13200.0
YMM251031-00000058,SMF21246352,사전예약 저농약 황금향 2.5kg+감귤 대과 2.5kg 추가증정,대과,2.5,1,33000.0,23000.0,10000,0.30303030303030304,0,13200.0
YMM251031-00000061,SMF21246352,사전예약 저농약 황금향 2.5kg+감귤 대과 2.5kg 추가증정,대과,2.5,1,33000.0,23000.0,10000,0.30303030303030304,0,13200.0
YMM251031-00000063,SMF21246352,사전예약 저농약 황금향 2.5kg+감귤 대과 2.5kg 추가증정,대과,2.5,1,33000.0,23000.0,10000,0.30303030303030304,0,13200.0
YMM251031-00000065,SMF21246352,사전예약 저농약 황금향 2.5kg+감귤 대과 2.5kg 추가증정,대과,2.5,1,33000.0,23000.0,10000,0.30303030303030304,0,13200.0
YMM251031-00000066,SMF21246352,사전예약 저농약 황금향 2.5kg+감귤 대과 2.5kg 추가증정,대과,2.5,1,33000.0,23000.0,10000,0.30303030303030304,0,13200.0
YMM251031-00000067,SMF28240458,과즙폭발 꿀당도 보장 감귤 [유라실생],소과,3.0,1,24900.0,24900.0,0,0.0,0,8300.0
YMM251031-00000068,SMF21246352,사전예약 저농약 황금향 2.5kg+감귤 대과 2.5kg 추가증정,대과,2.5,1,33000.0,23000.0,10000,0.30303030303030304,0,13200.0
YMM251031-00000069,SMF21246352,사전예약 저농약 황금향 2.5kg+감귤 대과 2.5kg 추가증정,대과,2.5,1,33000.0,23000.0,10000,0.30303030303030304,0,13200.0
YMM251031-00000070,SMF21246352,사전예약 저농약 황금향 2.5kg+감귤 대과 2.5kg 추가증정,대과,2.5,1,33000.0,23000.0,10000,0.30303030303030304,0,13200.0
YMM251031-00000072,SMF87846210,"2025 첫수확 노지감귤 가정용 3kg, 5kg",소과,5.0,1,24000.0,13300.0,10700,0.44583333333333336,0,4800.0
YMM251031-00000073,SMF21246352,사전예약 저농약 황금향 2.5kg+감귤 대과 2.5kg 추가증정,대과,2.5,1,33000.0,23000.0,10000,0.30303030303030304,0,13200.0
YMM251031-00000076,SMF21246352,사전예약 저농약 황금향 2.5kg+감귤 대과 2.5kg 추가증정,대과,4.5,1,44000.0,34000.0,10000,0.22727272727272727,0,9777.777777777777
YMM251031-00000077,SMF28240458,과즙폭발 꿀당도 보장 감귤 [유라실생],소과,5.0,1,34900.0,34900.0,0,0.0,0,6980.0
YMM251031-00000078,SMF28240458,과즙폭발 꿀당도 보장 감귤 [유라실생],소과,3.0,1,24900.0,24900.0,0,0.0,0,8300.0
YMM251031-00000080,SMF28240458,과즙폭발 꿀당도 보장 감귤 [유라실생],소과,3.0,1,24900.0,24900.0,0,0.0,0,8300.0
YMM251031-00000082,SMF21246352,사전예약 저농약 황금향 2.5kg+감귤 대과 2.5kg 추가증정,대과,2.5,1,33000.0,23000.0,10000,0.30303030303030304,0,13200.0
YMM251031-00000083,SMF21246352,사전예약 저농약 황금향 2.5kg+감귤 대과 2.5kg 추가증정,대과,2.5,1,33000.0,23000.0,10000,0.30303030303030304,0,13200.0
YMM251031-00000084,SMF21246352,사전예약 저농약 황금향 2.5kg+감귤 대과 2.5kg 추가증정,대과,2.5,1,33000.0,23000.0,10000,0.30303030303030304,0,13200.0
YMM251031-00000085,SMF87846210,"2025 첫수확 노지감귤 가정용 3kg, 5kg",소과,10.0,1,35000.0,23000.0,12000,0.34285714285714286,0,3500.0
YMM251031-00000086,SMF21246352,사전예약 저농약 황금향 2.5kg+감귤 대과 2.5kg 추가증정,대과,2.5,1,33000.0,23000.0,10000,0.30303030303030304,0,13200.0
YMM251031-00000088,SMF21246352,사전예약 저농약 황금향 2.5kg+감귤 대과 2.5kg 추가증정,대과,2.5,2,33000.0,23000.0,20000,0.30303030303030304,0,26400.0
YMM251031-00000089,SMF21246352,사전예약 저농약 황금향 2.5kg+감귤 대과 2.5kg 추가증정,대과,2.5,1,33000.0,23000.0,10000,0.30303030303030304,0,13200.0
YMM251031-00000090,SMF21246352,사전예약 저농약 황금향 2.5kg+감귤 대과 2.5kg 추가증정,대과,2.5,1,33000.0,23000.0,10000,0.30303030303030304,0,13200.0
YMM251031-00000091,SMF21246352,사전예약 저농약 황금향 2.5kg+감귤 대과 2.5kg 추가증정,대과,2.5,1,33000.0,23000.0,10000,0.30303030303030304,0,13200.0
YMM251031-00000092,SMF21246352,사전예약 저농약 황금향 2.5kg+감귤 대과 2.5kg 추가증정,대과,2.5,1,33000.0,23000.0,10000,0.30303030303030304,0,13200.0
YMM251031-00000093,SMF21246352,사전예약 저농약 황금향 2.5kg+감귤 대과 2.5kg 추가증정,대과,2.5,1,33000.0,23000.0,10000,0.30303030303030304,0,13200.0
YMM251031-00000094,SMF21246352,사전예약 저농약 황금향 2.5kg+감귤 대과 2.5kg 추가증정,대과,2.5,1,33000.0,23000.0,10000,0.30303030303030304,0,13200.0
YMM251031-00000095,SMF28240458,과즙폭발 꿀당도 보장 감귤 [유라실생],소과,3.0,1,24900.0,24900.0,0,0.0,0,8300.0
YMM251031-00000097,SMF28240458,과즙폭발 꿀당도 보장 감귤 [유라실생],소과,3.0,1,24900.0,24900.0,0,0.0,0,8300.0
YMM251031-00000098,SMF87846210,"2025 첫수확 노지감귤 가정용 3kg, 5kg",소과,3.0,1,17000.0,8800.0,8200,0.4823529411764706,0,5666.666666666667
YMM251031-00000099,SMF21246352,사전예약 저농약 황금향 2.5kg+감귤 대과 2.5kg 추가증정,대과,4.5,1,44000.0,34000.0,10000,0.22727272727272727,0,9777.777777777777
YMM251031-00000100,SMF97813435,과즙폭발 꿀당도 보장 고당도 감귤 2kg + 황금향 2kg,일반,2.0,1,33000.0,23000.0,10000,0.30303030303030304,0,16500.0
YMM251031-00000101,SMF21246352,사전예약 저농약 황금향 2.5kg+감귤 대과 2.5kg 추가증정,대과,4.5,1,44000.0,34000.0,10000,0.22727272727272727,0,9777.777777777777
YMM251031-00000102,SMF21246352,사전예약 저농약 황금향 2.5kg+감귤 대과 2.5kg 추가증정,대과,4.5,1,44000.0,34000.0,10000,0.22727272727272727,0,9777.777777777777
YMM251031-00000103,SMF21246352,사전예약 저농약 황금향 2.5kg+감귤 대과 2.5kg 추가증정,대과,2.5,1,33000.0,23000.0,10000,0.30303030303030304,0,13200.0
YMM251031-00000104,SMF28240458,과즙폭발 꿀당도 보장 감귤 [유라실생],소과,5.0,1,34900.0,34900.0,0,0.0,0,6980.0
YMM251031-00000105,SMF21246352,사전예약 저농약 황금향 2.5kg+감귤 대과 2.5kg 추가증정,대과,4.5,1,44000.0,34000.0,10000,0.22727272727272727,0,9777.777777777777
YMM251031-00000107,SMF28240458,과즙폭발 꿀당도 보장 감귤 [유라실생],소과,3.0,1,24900.0,24900.0,0,0.0,0,8300.0
YMM251031-00000108,SMF28240458,과즙폭발 꿀당도 보장 감귤 [유라실생],소과,5.0,1,34900.0,34900.0,0,0.0,0,6980.0
YMM251031-00000110,SMF97813435,과즙폭발 꿀당도 보장 고당도 감귤 2kg + 황금향 2kg,일반,2.0,1,33000.0,23000.0,10000,0.30303030303030304,0,16500.0
YMM251031-00000112,SMF21246352,사전예약 저농약 황금향 2.5kg+감귤 대과 2.5kg 추가증정,대과,2.5,1,33000.0,23000.0,10000,0.30303030303030304,0,13200.0
YMM251031-00000113,SMF28240458,과즙폭발 꿀당도 보장 감귤 [유라실생],소과,3.0,1,24900.0,24900.0,0,0.0,0,8300.0
YMM251031-00000119,SMF21246352,사전예약 저농약 황금향 2.5kg+감귤 대과 2.5kg 추가증정,대과,2.5,1,33000.0,23000.0,10000,0.30303030303030304,0,13200.0
YMM251031-00000121,SMF28240458,과즙폭발 꿀당도 보장 감귤 [유라실생],소과,3.0,1,24900.0,24900.0,0,0.0,0,8300.0
YMM251031-00000122,SMF21246352,사전예약 저농약 황금향 2.5kg+감귤 대과 2.5kg 추가증정,대과,2.5,1,33000.0,23000.0,10000,0.30303030303030304,0,13200.0
YMM251031-00000123,SMF28240458,과즙폭발 꿀당도 보장 감귤 [유라실생],소과,3.0,1,24900.0,24900.0,0,0.0,0,8300.0
YMM251031-00000124,SMF28240458,과즙폭발 꿀당도 보장 감귤 [유라실생],소과,3.0,1,24900.0,24900.0,0,0.0,0,8300.0
YMM251031-00000125,SMF87846210,"2025 첫수확 노지감귤 가정용 3kg, 5kg",로얄과,3.0,1,17000.0,8800.0,8200,0.4823529411764706,0,5666.666666666667
YMM251031-00000126,SMF21246352,사전예약 저농약 황금향 2.5kg+감귤 대과 2.5kg 추가증정,로얄과,10.0,1,35000.0,25000.0,10000,0.2857142857142857,0,3500.0
YMM251101-00000001,SMF21246352,사전예약 저농약 황금향 2.5kg+감귤 대과 2.5kg 추가증정,대과,2.5,1,33000.0,23000.0,10000,0.30303030303030304,0,13200.0
YMM251101-00000002,SMF28240458,과즙폭발 꿀당도 보장 감귤 [유라실생],소과,5.0,1,34900.0,34900.0,0,0.0,0,6980.0
YMM251101-00000003,SMF21246352,사전예약 저농약 황금향 2.5kg+감귤 대과 2.5kg 추가증정,대과,4.5,1,44000.0,34000.0,10000,0.22727272727272727,0,9777.777777777777
YMM251101-00000006,SMF21246352,사전예약 저농약 황금향 2.5kg+감귤 대과 2.5kg 추가증정,대과,4.5,1,44000.0,34000.0,10000,0.22727272727272727,0,9777.777777777777
YMM251101-00000008,SMF21246352,사전예약 저농약 황금향 2.5kg+감귤 대과 2.5kg 추가증정,대과,4.5,1,44000.0,34000.0,10000,0.22727272727272727,0,9777.777777777777
YMM251101-00000009,SMF21246352,사전예약 저농약 황금향 2.5kg+감귤 대과 2.5kg 추가증정,대과,4.5,1,44000.0,34000.0,10000,0.22727272727272727,0,9777.777777777777
YMM251101-00000010,SMF21246352,사전예약 저농약 황금향 2.5kg+감귤 대과 2.5kg 추가증정,대과,2.5,1,33000.0,23000.0,10000,0.30303030303030304,0,13200.0
YMM251101-00000011,SMF28240458,과즙폭발 꿀당도 보장 감귤 [유라실생],소과,3.0,1,24900.0,24900.0,0,0.0,0,8300.0
YMM251101-00000012,SMF87846210,"2025 첫수확 노지감귤 가정용 3kg, 5kg",로얄과,3.0,1,17000.0,8800.0,8200,0.4823529411764706,0,5666.666666666667
YMM251101-00000013,SMF28240458,과즙폭발 꿀당도 보장 감귤 [유라실생],소과,5.0,11,34900.0,34900.0,0,0.0,0,76780.0
YMM251101-00000014,SMF28240458,과즙폭발 꿀당도 보장 감귤 [유라실생],소과,3.0,1,24900.0,24900.0,0,0.0,0,8300.0
YMM251101-00000015,SMF87846210,"2025 첫수확 노지감귤 가정용 3kg, 5kg",소과,3.0,1,17000.0,8800.0,8200,0.4823529411764706,0,5666.666666666667
YMM251101-00000016,SMF28240458,과즙폭발 꿀당도 보장 감귤 [유라실생],소과,3.0,1,24900.0,24900.0,0,0.0,0,8300.0
YMM251101-00000017,SMF21246352,사전예약 저농약 황금향 2.5kg+감귤 대과 2.5kg 추가증정,로얄과,5.0,1,24000.0,16000.0,8000,0.3333333333333333,0,4800.0
YMM251101-00000018,SMF21246352,사전예약 저농약 황금향 2.5kg+감귤 대과 2.5kg 추가증정,대과,2.5,1,33000.0,23000.0,10000,0.30303030303030304,0,13200.0
YMM251101-00000019,SMF28240458,과즙폭발 꿀당도 보장 감귤 [유라실생],소과,3.0,1,24900.0,24900.0,0,0.0,0,8300.0
YMM251101-00000021,SMF97813435,과즙폭발 꿀당도 보장 고당도 감귤 2kg + 황금향 2kg,일반,2.0,1,33000.0,23000.0,10000,0.30303030303030304,0,16500.0
YMM251101-00000022,SMF97813435,과즙폭발 꿀당도 보장 고당도 감귤 2kg + 황금향 2kg,일반,2.0,1,33000.0,23000.0,10000,0.30303030303030304,0,16500.0
YMM251101-00000023,SMF21246352,사전예약 저농약 황금향 2.5kg+감귤 대과 2.5kg 추가증정,대과,2.5,1,33000.0,23000.0,10000,0.30303030303030304,0,13200.0
YMM251101-00000024,SMF87846210,"2025 첫수확 노지감귤 가정용 3kg, 5kg",소과,5.0,1,24000.0,13300.0,10700,0.44583333333333336,0,4800.0
YMM251101-00000025,SMF87846210,"2025 첫수확 노지감귤 가정용 3kg, 5kg",로얄과,10.0,1,35000.0,23000.0,12000,0.34285714285714286,0,3500.0
YMM251101-00000026,SMF21246352,사전예약 저농약 황금향 2.5kg+감귤 대과 2.5kg 추가증정,대과,2.5,1,33000.0,23000.0,10000,0.30303030303030304,0,13200.0
YMM251101-00000027,SMF97813435,과즙폭발 꿀당도 보장 고당도 감귤 2kg + 황금향 2kg,일반,2.0,1,33000.0,23000.0,10000,0.30303030303030304,0,16500.0
YMM251101-00000034,SMF28240458,과즙폭발 꿀당도 보장 감귤 [유라실생],소과,3.0,1,24900.0,24900.0,0,0.0,0,8300.0
YMM251101-00000036,SMF87846210,"2025 첫수확 노지감귤 가정용 3kg, 5kg",소과,10.0,4,32250.0,20575.0,46700,0.362015503875969,0,12900.0
YMM251101-00000037,SMF21246352,사전예약 저농약 황금향 2.5kg+감귤 대과 2.5kg 추가증정,로얄과,5.0,1,24000.0,16000.0,8000,0.3333333333333333,0,4800.0
YMM251101-00000038,SMF87846210,"2025 첫수확 노지감귤 가정용 3kg, 5kg",로얄과,5.0,1,24000.0,13300.0,10700,0.44583333333333336,0,4800.0
YMM251101-00000039,SMF87846210,"2025 첫수확 노지감귤 가정용 3kg, 5kg",소과,10.0,1,35000.0,23000.0,12000,0.34285714285714286,0,3500.0
YMM251101-00000042,SMF21246352,사전예약 저농약 황금향 2.5kg+감귤 대과 2.5kg 추가증정,대과,2.5,1,33000.0,23000.0,10000,0.30303030303030304,0,13200.0
YMM251101-00000043,SMF97813435,과즙폭발 꿀당도 보장 고당도 감귤 2kg + 황금향 2kg,일반,2.0,1,33000.0,23000.0,10000,0.30303030303030304,0,16500.0
YMM251101-00000044,SMF87846210,"2025 첫수확 노지감귤 가정용 3kg, 5kg",소과,5.0,1,24000.0,13300.0,10700,0.44583333333333336,0,4800.0
YMM251101-00000045,SMF97813435,과즙폭발 꿀당도 보장 고당도 감귤 2kg + 황금향 2kg,일반,2.0,1,33000.0,23000.0,10000,0.30303030303030304,0,16500.0
YMM251101-00000046,SMF87846210,"2025 첫수확 노지감귤 가정용 3kg, 5kg",로얄과,3.0,1,17000.0,8800.0,8200,0.4823529411764706,0,5666.666666666667
YMM251101-00000047,SMF28240458,과즙폭발 꿀당도 보장 감귤 [유라실생],소과,10.0,1,44900.0,44900.0,0,0.0,0,4490.0
YMM251101-00000048,SMF87846210,"2025 첫수확 노지감귤 가정용 3kg, 5kg",소과,3.0,1,17000.0,8800.0,8200,0.4823529411764706,0,5666.666666666667
YMM251101-00000049,SMF28240458,과즙폭발 꿀당도 보장 감귤 [유라실생],소과,5.0,1,34900.0,34900.0,0,0.0,0,6980.0
YMM251101-00000050,SMF21246352,사전예약 저농약 황금향 2.5kg+감귤 대과 2.5kg 추가증정,대과,4.5,1,44000.0,34000.0,10000,0.22727272727272727,0,9777.777777777777
YMM251101-00000051,SMF21246352,사전예약 저농약 황금향 2.5kg+감귤 대과 2.5kg 추가증정,대과,4.5,1,44000.0,34000.0,10000,0.22727272727272727,0,9777.777777777777
YMM251101-00000052,SMF21246352,사전예약 저농약 황금향 2.5kg+감귤 대과 2.5kg 추가증정,대과,4.5,1,44000.0,34000.0,10000,0.22727272727272727,0,9777.777777777777
YMM251101-00000053,SMF87846210,"2025 첫수확 노지감귤 가정용 3kg, 5kg",소과,5.0,1,24000.0,13300.0,10700,0.44583333333333336,0,4800.0
YMM251101-00000054,SMF28240458,과즙폭발 꿀당도 보장 감귤 [유라실생],소과,10.0,1,44900.0,44900.0,0,0.0,0,4490.0
YMM251101-00000056,SMF87846210,"2025 첫수확 노지감귤 가정용 3kg, 5kg",소과,3.0,1,17000.0,8800.0,8200,0.4823529411764706,0,5666.666666666667
YMM251101-00000057,SMF21246352,사전예약 저농약 황금향 2.5kg+감귤 대과 2.5kg 추가증정,대과,2.5,1,33000.0,23000.0,10000,0.30303030303030304,0,13200.0
YMM251101-00000058,SMF21246352,사전예약 저농약 황금향 2.5kg+감귤 대과 2.5kg 추가증정,대과,4.5,1,44000.0,34000.0,10000,0.22727272727272727,0,9777.777777777777
YMM251101-00000060,SMF21246352,사전예약 저농약 황금향 2.5kg+감귤 대과 2.5kg 추가증정,대과,2.5,1,33000.0,23000.0,10000,0.30303030303030304,0,13200.0
YMM251101-00000061,SMF97813435,과즙폭발 꿀당도 보장 고당도 감귤 2kg + 황금향 2kg,일반,2.0,1,33000.0,23000.0,10000,0.30303030303030304,0,16500.0
YMM251101-00000062,SMF21246352,사전예약 저농약 황금향 2.5kg+감귤 대과 2.5kg 추가증정,대과,2.5,1,33000.0,23000.0,10000,0.30303030303030304,0,13200.0
YMM251101-00000063,SMF97813435,과즙폭발 꿀당도 보장 고당도 감귤 2kg + 황금향 2kg,일반,2.0,1,33000.0,23000.0,10000,0.30303030303030304,0,16500.0
YMM251101-00000065,SMF21246352,사전예약 저농약 황금향 2.5kg+감귤 대과 2.5kg 추가증정,대과,4.5,1,44000.0,34000.0,10000,0.22727272727272727,0,9777.777777777777
YMM251101-00000066,SMF21246352,사전예약 저농약 황금향 2.5kg+감귤 대과 2.5kg 추가증정,대과,4.5,1,44000.0,34000.0,10000,0.22727272727272727,0,9777.777777777777
YMM251101-00000067,SMF21246352,사전예약 저농약 황금향 2.5kg+감귤 대과 2.5kg 추가증정,대과,2.5,1,33000.0,23000.0,10000,0.30303030303030304,0,13200.0
YMM251101-00000068,SMF21246352,사전예약 저농약 황금향 2.5kg+감귤 대과 2.5kg 추가증정,대과,2.5,1,33000.0,23000.0,10000,0.30303030303030304,0,13200.0
YMM251102-00000003,SMF21246352,사전예약 저농약 황금향 2.5kg+감귤 대과 2.5kg 추가증정,대과,4.5,1,44000.0,34000.0,10000,0.22727272727272727,0,9777.777777777777
YMM251102-00000004,SMF21246352,사전예약 저농약 황금향 2.5kg+감귤 대과 2.5kg 추가증정,대과,2.5,1,33000.0,23000.0,10000,0.30303030303030304,0,13200.0
YMM251102-00000005,SMF21246352,사전예약 저농약 황금향 2.5kg+감귤 대과 2.5kg 추가증정,로얄과,10.0,1,35000.0,25000.0,10000,0.2857142857142857,0,3500.0
YMM251102-00000008,SMF21246352,사전예약 저농약 황금향 2.5kg+감귤 대과 2.5kg 추가증정,대과,2.5,1,33000.0,23000.0,10000,0.30303030303030304,0,13200.0
YMM251102-00000010,SMF21246352,사전예약 저농약 황금향 2.5kg+감귤 대과 2.5kg 추가증정,대과,2.5,1,33000.0,23000.0,10000,0.30303030303030304,0,13200.0
YMM251102-00000011,SMF97813435,과즙폭발 꿀당도 보장 고당도 감귤 2kg + 황금향 2kg,일반,2.0,1,33000.0,23000.0,10000,0.30303030303030304,0,16500.0
YMM251102-00000012,SMF97813435,과즙폭발 꿀당도 보장 고당도 감귤 2kg + 황금향 2kg,일반,2.0,1,33000.0,23000.0,10000,0.30303030303030304,0,16500.0
YMM251102-00000013,SMF28240458,과즙폭발 꿀당도 보장 감귤 [유라실생],소과,3.0,1,24900.0,24900.0,0,0.0,0,8300.0
YMM251102-00000014,SMF97813435,과즙폭발 꿀당도 보장 고당도 감귤 2kg + 황금향 2kg,일반,2.0,1,33000.0,23000.0,10000,0.30303030303030304,0,16500.0
YMM251102-00000015,SMF87846210,"2025 첫수확 노지감귤 가정용 3kg, 5kg",로얄과,3.0,1,17000.0,8800.0,8200,0.4823529411764706,0,5666.666666666667
YMM251102-00000018,SMF87846210,"2025 첫수확 노지감귤 가정용 3kg, 5kg",소과,3.0,1,17000.0,8800.0,8200,0.4823529411764706,0,5666.666666666667
YMM251102-00000020,SMF21246352,사전예약 저농약 황금향 2.5kg+감귤 대과 2.5kg 추가증정,대과,4.5,1,44000.0,34000.0,10000,0.22727272727272727,0,9777.777777777777
YMM251102-00000021,SMF97813435,과즙폭발 꿀당도 보장 고당도 감귤 2kg + 황금향 2kg,일반,2.0,2,33000.0,23000.0,20000,0.30303030303030304,0,33000.0
YMM251102-00000022,SMF87846210,"2025 첫수확 노지감귤 가정용 3kg, 5kg",소과,10.0,1,35000.0,23000.0,12000,0.34285714285714286,0,3500.0
YMM251102-00000024,SMF87846210,"2025 첫수확 노지감귤 가정용 3kg, 5kg",소과,5.0,2,24000.0,13300.0,21400,0.44583333333333336,0,9600.0
YMM251102-00000025,SMF21246352,사전예약 저농약 황금향 2.5kg+감귤 대과 2.5kg 추가증정,대과,2.5,1,33000.0,23000.0,10000,0.30303030303030304,0,13200.0
YMM251102-00000026,SMF21246352,사전예약 저농약 황금향 2.5kg+감귤 대과 2.5kg 추가증정,대과,2.5,1,33000.0,23000.0,10000,0.30303030303030304,0,13200.0
YMM251102-00000027,SMF21246352,사전예약 저농약 황금향 2.5kg+감귤 대과 2.5kg 추가증정,대과,2.5,1,33000.0,23000.0,10000,0.30303030303030304,0,13200.0
YMM251102-00000028,SMF21246352,사전예약 저농약 황금향 2.5kg+감귤 대과 2.5kg 추가증정,대과,2.5,1,33000.0,23000.0,10000,0.30303030303030304,0,13200.0
YMM251102-00000029,SMF21246352,사전예약 저농약 황금향 2.5kg+감귤 대과 2.5kg 추가증정,대과,2.5,1,33000.0,23000.0,10000,0.30303030303030304,0,13200.0
YMM251102-00000030,SMF29718566,제주 산지직송 황금향 선물세트 가정용,중대과,4.5,1,54000.0,40000.0,14000,0.25925925925925924,0,12000.0
YMM251102-00000031,SMF21246352,사전예약 저농약 황금향 2.5kg+감귤 대과 2.5kg 추가증정,대과,4.5,1,44000.0,34000.0,10000,0.22727272727272727,0,9777.777777777777
YMM251102-00000032,SMF21246352,사전예약 저농약 황금향 2.5kg+감귤 대과 2.5kg 추가증정,대과,2.5,1,33000.0,23000.0,10000,0.30303030303030304,0,13200.0
YMM251102-00000034,SMF21246352,사전예약 저농약 황금향 2.5kg+감귤 대과 2.5kg 추가증정,대과,2.5,1,33000.0,23000.0,10000,0.30303030303030304,0,13200.0
YMM251102-00000039,SMF28240458,과즙폭발 꿀당도 보장 감귤 [유라실생],소과,3.0,1,24900.0,24900.0,0,0.0,0,8300.0
YMM251102-00000040,SMF21246352,사전예약 저농약 황금향 2.5kg+감귤 대과 2.5kg 추가증정,대과,2.5,1,33000.0,23000.0,10000,0.30303030303030304,0,13200.0
YMM251102-00000041,SMF21246352,사전예약 저농약 황금향 2.5kg+감귤 대과 2.5kg 추가증정,대과,2.5,1,33000.0,23000.0,10000,0.30303030303030304,0,13200.0
YMM251102-00000042,SMF28240458,과즙폭발 꿀당도 보장 감귤 [유라실생],소과,3.0,1,24900.0,24900.0,0,0.0,0,8300.0
YMM251102-00000043,SMF21246352,사전예약 저농약 황금향 2.5kg+감귤 대과 2.5kg 추가증정,대과,2.5,1,33000.0,23000.0,10000,0.30303030303030304,0,13200.0
YMM251102-00000045,SMF21246352,사전예약 저농약 황금향 2.5kg+감귤 대과 2.5kg 추가증정,대과,4.5,1,44000.0,34000.0,10000,0.22727272727272727,0,9777.777777777777
YMM251102-00000046,SMF28240458,과즙폭발 꿀당도 보장 감귤 [유라실생],소과,5.0,1,34900.0,34900.0,0,0.0,0,6980.0
YMM251102-00000047,SMF97813435,과즙폭발 꿀당도 보장 고당도 감귤 2kg + 황금향 2kg,일반,2.0,2,33000.0,23000.0,20000,0.30303030303030304,0,33000.0
YMM251102-00000048,SMF28240458,과즙폭발 꿀당도 보장 감귤 [유라실생],소과,3.0,2,24900.0,24900.0,0,0.0,0,16600.0
YMM251102-00000049,SMF28240458,과즙폭발 꿀당도 보장 감귤 [유라실생],소과,5.0,1,34900.0,34900.0,0,0.0,0,6980.0
YMM251102-00000050,SMF21246352,사전예약 저농약 황금향 2.5kg+감귤 대과 2.5kg 추가증정,대과,4.5,1,44000.0,34000.0,10000,0.22727272727272727,0,9777.777777777777
YMM251102-00000052,SMF21246352,사전예약 저농약 황금향 2.5kg+감귤 대과 2.5kg 추가증정,대과,4.5,1,44000.0,34000.0,10000,0.22727272727272727,0,9777.777777777777
YMM251102-00000053,SMF87846210,"2025 첫수확 노지감귤 가정용 3kg, 5kg",소과,10.0,1,35000.0,23000.0,12000,0.34285714285714286,0,3500.0
YMM251102-00000055,SMF87846210,"2025 첫수확 노지감귤 가정용 3kg, 5kg",소과,3.0,1,17000.0,8800.0,8200,0.4823529411764706,0,5666.666666666667
YMM251102-00000056,SMF28240458,과즙폭발 꿀당도 보장 감귤 [유라실생],소과,3.0,1,24900.0,24900.0,0,0.0,0,8300.0
YMM251102-00000057,SMF21246352,사전예약 저농약 황금향 2.5kg+감귤 대과 2.5kg 추가증정,대과,2.5,1,33000.0,23000.0,10000,0.30303030303030304,0,13200.0
YMM251102-00000058,SMF87846210,"2025 첫수확 노지감귤 가정용 3kg, 5kg",소과,5.0,1,24000.0,13300.0,10700,0.44583333333333336,0,4800.0
YMM251102-00000059,SMF87846210,"2025 첫수확 노지감귤 가정용 3kg, 5kg",소과,10.0,1,35000.0,23000.0,12000,0.34285714285714286,0,3500.0
YMM251102-00000061,SMF87846210,"2025 첫수확 노지감귤 가정용 3kg, 5kg",소과,3.0,1,17000.0,8800.0,8200,0.4823529411764706,0,5666.666666666667
YMM251102-00000062,SMF87846210,"2025 첫수확 노지감귤 가정용 3kg, 5kg",로얄과,3.0,1,17000.0,8800.0,8200,0.4823529411764706,0,5666.666666666667
YMM251102-00000063,SMF28240458,과즙폭발 꿀당도 보장 감귤 [유라실생],소과,3.0,1,24900.0,24900.0,0,0.0,0,8300.0
YMM251102-00000064,SMF97813435,과즙폭발 꿀당도 보장 고당도 감귤 2kg + 황금향 2kg,일반,2.0,1,33000.0,23000.0,10000,0.30303030303030304,0,16500.0
YMM251102-00000066,SMF87846210,"2025 첫수확 노지감귤 가정용 3kg, 5kg",로얄과,10.0,1,35000.0,23000.0,12000,0.34285714285714286,0,3500.0
YMM251102-00000068,SMF21246352,사전예약 저농약 황금향 2.5kg+감귤 대과 2.5kg 추가증정,대과,2.5,1,33000.0,23000.0,10000,0.30303030303030304,0,13200.0
YMM251102-00000069,SMF87846210,"2025 첫수확 노지감귤 가정용 3kg, 5kg",로얄과,5.0,1,24000.0,13300.0,10700,0.44583333333333336,0,4800.0
YMM251102-00000070,SMF87846210,"2025 첫수확 노지감귤 가정용 3kg, 5kg",로얄과,10.0,1,35000.0,23000.0,12000,0.34285714285714286,0,3500.0
YMM251102-00000071,SMF21246352,사전예약 저농약 황금향 2.5kg+감귤 대과 2.5kg 추가증정,대과,4.5,1,44000.0,34000.0,10000,0.22727272727272727,0,9777.777777777777
YMM251102-00000072,SMF87846210,"2025 첫수확 노지감귤 가정용 3kg, 5kg",로얄과,5.0,3,24000.0,13300.0,32100,0.44583333333333336,0,14400.0
YMM251102-00000074,SMF87846210,"2025 첫수확 노지감귤 가정용 3kg, 5kg",소과,3.0,2,17000.0,8800.0,16400,0.4823529411764706,0,11333.333333333334
YMM251102-00000075,SMF87846210,"2025 첫수확 노지감귤 가정용 3kg, 5kg",로얄과,10.0,1,35000.0,23000.0,12000,0.34285714285714286,0,3500.0
YMM251102-00000076,SMF21246352,사전예약 저농약 황금향 2.5kg+감귤 대과 2.5kg 추가증정,대과,4.5,1,44000.0,34000.0,10000,0.22727272727272727,0,9777.777777777777
YMM251102-00000077,SMF87846210,"2025 첫수확 노지감귤 가정용 3kg, 5kg",소과,5.0,1,24000.0,13300.0,10700,0.44583333333333336,0,4800.0
YMM251103-00000001,SMF29718566,제주 산지직송 황금향 선물세트 가정용,소과,5.0,1,42000.0,25000.0,17000,0.40476190476190477,0,8400.0
YMM251103-00000002,SMF21246352,사전예약 저농약 황금향 2.5kg+감귤 대과 2.5kg 추가증정,대과,2.5,1,33000.0,23000.0,10000,0.30303030303030304,0,13200.0
YMM251103-00000003,SMF87846210,"2025 첫수확 노지감귤 가정용 3kg, 5kg",소과,5.0,1,24000.0,13300.0,10700,0.44583333333333336,0,4800.0
YMM251103-00000004,SMF21246352,사전예약 저농약 황금향 2.5kg+감귤 대과 2.5kg 추가증정,대과,2.5,1,33000.0,23000.0,10000,0.30303030303030304,0,13200.0
YMM251103-00000005,SMF87846210,"2025 첫수확 노지감귤 가정용 3kg, 5kg",소과,3.0,1,17000.0,8800.0,8200,0.4823529411764706,0,5666.666666666667
YMM251103-00000007,SMF21246352,사전예약 저농약 황금향 2.5kg+감귤 대과 2.5kg 추가증정,대과,2.5,1,33000.0,23000.0,10000,0.30303030303030304,0,13200.0
YMM251103-00000008,SMF21246352,사전예약 저농약 황금향 2.5kg+감귤 대과 2.5kg 추가증정,대과,2.5,1,33000.0,23000.0,10000,0.30303030303030304,0,13200.0
YMM251103-00000011,SMF21246352,사전예약 저농약 황금향 2.5kg+감귤 대과 2.5kg 추가증정,대과,4.5,1,44000.0,34000.0,10000,0.22727272727272727,0,9777.777777777777
YMM251103-00000012,SMF21246352,사전예약 저농약 황금향 2.5kg+감귤 대과 2.5kg 추가증정,대과,2.5,1,33000.0,23000.0,10000,0.30303030303030304,0,13200.0
YMM251103-00000013,SMF21246352,사전예약 저농약 황금향 2.5kg+감귤 대과 2.5kg 추가증정,대과,4.5,1,44000.0,34000.0,10000,0.22727272727272727,0,9777.777777777777
YMM251103-00000014,SMF28240458,과즙폭발 꿀당도 보장 감귤 [유라실생],소과,10.0,1,44900.0,44900.0,0,0.0,0,4490.0
YMM251103-00000015,SMF87846210,"2025 첫수확 노지감귤 가정용 3kg, 5kg",로얄과,10.0,3,35000.0,23000.0,36000,0.34285714285714286,0,10500.0
YMM251103-00000016,SMF29718566,제주 산지직송 황금향 선물세트 가정용,중대과,2.5,1,39000.0,25000.0,14000,0.358974358974359,0,15600.0
YMM251103-00000017,SMF87846210,"2025 첫수확 노지감귤 가정용 3kg, 5kg",소과,3.0,1,17000.0,8800.0,8200,0.4823529411764706,0,5666.666666666667
YMM251103-00000018,SMF28240458,과즙폭발 꿀당도 보장 감귤 [유라실생],소과,3.0,1,24900.0,24900.0,0,0.0,0,8300.0
YMM251103-00000019,SMF28240458,과즙폭발 꿀당도 보장 감귤 [유라실생],소과,5.0,2,34900.0,34900.0,0,0.0,0,13960.0
YMM251103-00000020,SMF87846210,"2025 첫수확 노지감귤 가정용 3kg, 5kg",로얄과,3.0,1,17000.0,8800.0,8200,0.4823529411764706,0,5666.666666666667
YMM251103-00000021,SMF87846210,"2025 첫수확 노지감귤 가정용 3kg, 5kg",로얄과,10.0,1,35000.0,23000.0,12000,0.34285714285714286,0,3500.0
YMM251103-00000022,SMF21246352,사전예약 저농약 황금향 2.5kg+감귤 대과 2.5kg 추가증정,대과,2.5,1,33000.0,23000.0,10000,0.30303030303030304,0,13200.0
YMM251103-00000023,SMF28240458,과즙폭발 꿀당도 보장 감귤 [유라실생],소과,5.0,1,34900.0,34900.0,0,0.0,0,6980.0
YMM251103-00000024,SMF87846210,"2025 첫수확 노지감귤 가정용 3kg, 5kg",소과,3.0,1,17000.0,8800.0,8200,0.4823529411764706,0,5666.666666666667
YMM251103-00000025,SMF87846210,"2025 첫수확 노지감귤 가정용 3kg, 5kg",소과,5.0,1,24000.0,13300.0,10700,0.44583333333333336,0,4800.0
YMM251103-00000026,SMF21246352,사전예약 저농약 황금향 2.5kg+감귤 대과 2.5kg 추가증정,대과,4.5,1,44000.0,34000.0,10000,0.22727272727272727,0,9777.777777777777
YMM251103-00000029,SMF28240458,과즙폭발 꿀당도 보장 감귤 [유라실생],소과,3.0,1,24900.0,24900.0,0,0.0,0,8300.0
YMM251103-00000030,SMF87846210,"2025 첫수확 노지감귤 가정용 3kg, 5kg",로얄과,5.0,2,24000.0,13300.0,21400,0.44583333333333336,0,9600.0
YMM251103-00000031,SMF28240458,과즙폭발 꿀당도 보장 감귤 [유라실생],소과,5.0,1,34900.0,34900.0,0,0.0,0,6980.0
YMM251103-00000032,SMF87846210,"2025 첫수확 노지감귤 가정용 3kg, 5kg",로얄과,3.0,1,17000.0,8800.0,8200,0.4823529411764706,0,5666.666666666667
YMM251103-00000033,SMF87846210,"2025 첫수확 노지감귤 가정용 3kg, 5kg",로얄과,3.0,1,17000.0,8800.0,8200,0.4823529411764706,0,5666.666666666667
YMM251103-00000034,SMF87846210,"2025 첫수확 노지감귤 가정용 3kg, 5kg",로얄과,3.0,1,17000.0,8800.0,8200,0.4823529411764706,0,5666.666666666667
YMM251103-00000035,SMF87846210,"2025 첫수확 노지감귤 가정용 3kg, 5kg",로얄과,3.0,1,17000.0,8800.0,8200,0.4823529411764706,0,5666.666666666667
YMM251103-00000036,SMF87846210,"2025 첫수확 노지감귤 가정용 3kg, 5kg",로얄과,3.0,1,17000.0,8800.0,8200,0.4823529411764706,0,5666.666666666667
YMM251103-00000037,SMF21246352,사전예약 저농약 황금향 2.5kg+감귤 대과 2.5kg 추가증정,대과,4.5,1,44000.0,34000.0,10000,0.22727272727272727,0,9777.777777777777
YMM251103-00000038,SMF87846210,"2025 첫수확 노지감귤 가정용 3kg, 5kg",로얄과,3.0,1,17000.0,8800.0,8200,0.4823529411764706,0,5666.666666666667
YMM251103-00000039,SMF21246352,사전예약 저농약 황금향 2.5kg+감귤 대과 2.5kg 추가증정,대과,4.5,1,44000.0,34000.0,10000,0.22727272727272727,0,9777.777777777777
YMM251103-00000040,SMF21246352,사전예약 저농약 황금향 2.5kg+감귤 대과 2.5kg 추가증정,로얄과,10.0,1,35000.0,25000.0,10000,0.2857142857142857,0,3500.0
YMM251103-00000042,SMF28240458,과즙폭발 꿀당도 보장 감귤 [유라실생],소과,3.0,1,24900.0,24900.0,0,0.0,0,8300.0
YMM251103-00000043,SMF87846210,"2025 첫수확 노지감귤 가정용 3kg, 5kg",소과,3.0,1,17000.0,8800.0,8200,0.4823529411764706,0,5666.666666666667
YMM251103-00000044,SMF21246352,사전예약 저농약 황금향 2.5kg+감귤 대과 2.5kg 추가증정,대과,2.5,1,33000.0,23000.0,10000,0.30303030303030304,0,13200.0
YMM251103-00000045,SMF87846210,"2025 첫수확 노지감귤 가정용 3kg, 5kg",로얄과,3.0,1,17000.0,8800.0,8200,0.4823529411764706,0,5666.666666666667
YMM251103-00000048,SMF28240458,과즙폭발 꿀당도 보장 감귤 [유라실생],소과,5.0,1,34900.0,34900.0,0,0.0,0,6980.0
YMM251103-00000049,SMF28240458,과즙폭발 꿀당도 보장 감귤 [유라실생],소과,3.0,1,24900.0,24900.0,0,0.0,0,8300.0
YMM251103-00000050,SMF28240458,과즙폭발 꿀당도 보장 감귤 [유라실생],소과,3.0,1,24900.0,24900.0,0,0.0,0,8300.0
YMM251103-00000051,SMF28240458,과즙폭발 꿀당도 보장 감귤 [유라실생],소과,5.0,1,34900.0,34900.0,0,0.0,0,6980.0
YMM251103-00000052,SMF87846210,"2025 첫수확 노지감귤 가정용 3kg, 5kg",소과,5.0,1,24000.0,13300.0,10700,0.44583333333333336,0,4800.0
YMM251103-00000053,SMF87846210,"2025 첫수확 노지감귤 가정용 3kg, 5kg",소과,5.0,1,24000.0,13300.0,10700,0.44583333333333336,0,4800.0
YMM251103-00000054,SMF87846210,"2025 첫수확 노지감귤 가정용 3kg, 5kg",소과,5.0,1,24000.0,13300.0,10700,0.44583333333333336,0,4800.0
YMM251103-00000055,SMF87846210,"2025 첫수확 노지감귤 가정용 3kg, 5kg",소과,5.0,1,24000.0,13300.0,10700,0.44583333333333336,0,4800.0
YMM251103-00000056,SMF87846210,"2025 첫수확 노지감귤 가정용 3kg, 5kg",소과,5.0,1,24000.0,13300.0,10700,0.44583333333333336,0,4800.0
YMM251103-00000057,SMF87846210,"2025 첫수확 노지감귤 가정용 3kg, 5kg",소과,5.0,1,24000.0,13300.0,10700,0.44583333333333336,0,4800.0
YMM251103-00000058,SMF87846210,"2025 첫수확 노지감귤 가정용 3kg, 5kg",소과,5.0,1,24000.0,13300.0,10700,0.44583333333333336,0,4800.0
YMM251103-00000059,SMF87846210,"2025 첫수확 노지감귤 가정용 3kg, 5kg",소과,5.0,1,24000.0,13300.0,10700,0.44583333333333336,0,4800.0
YMM251103-00000060,SMF87846210,"2025 첫수확 노지감귤 가정용 3kg, 5kg",소과,5.0,1,24000.0,13300.0,10700,0.44583333333333336,0,4800.0
YMM251103-00000062,SMF87846210,"2025 첫수확 노지감귤 가정용 3kg, 5kg",소과,5.0,1,24000.0,13300.0,10700,0.44583333333333336,0,4800.0
YMM251103-00000063,SMF87846210,"2025 첫수확 노지감귤 가정용 3kg, 5kg",소과,5.0,1,24000.0,13300.0,10700,0.44583333333333336,0,4800.0
YMM251103-00000064,SMF87846210,"2025 첫수확 노지감귤 가정용 3kg, 5kg",소과,5.0,1,24000.0,13300.0,10700,0.44583333333333336,0,4800.0
YMM251104-00000001,SMF28240458,과즙폭발 꿀당도 보장 감귤 [유라실생],소과,5.0,1,34900.0,34900.0,0,0.0,0,6980.0
YMM251104-00000003,SMF28240458,과즙폭발 꿀당도 보장 감귤 [유라실생],소과,10.0,1,44900.0,44900.0,0,0.0,0,4490.0
YMM251104-00000004,SMF21246352,사전예약 저농약 황금향 2.5kg+감귤 대과 2.5kg 추가증정,대과,4.5,1,44000.0,34000.0,10000,0.22727272727272727,0,9777.777777777777
YMM251104-00000005,SMF28240458,과즙폭발 꿀당도 보장 감귤 [유라실생],소과,10.0,1,44900.0,44900.0,0,0.0,0,4490.0
YMM251104-00000008,SMF21246352,사전예약 저농약 황금향 2.5kg+감귤 대과 2.5kg 추가증정,대과,4.5,1,44000.0,34000.0,10000,0.22727272727272727,0,9777.777777777777
YMM251104-00000009,SMF21246352,사전예약 저농약 황금향 2.5kg+감귤 대과 2.5kg 추가증정,대과,2.5,1,33000.0,23000.0,10000,0.30303030303030304,0,13200.0
YMM251104-00000011,SMF87846210,"2025 첫수확 노지감귤 가정용 3kg, 5kg",로얄과,10.0,1,35000.0,23000.0,12000,0.34285714285714286,0,3500.0
YMM251104-00000012,SMF87846210,"2025 첫수확 노지감귤 가정용 3kg, 5kg",소과,3.0,1,17000.0,8800.0,8200,0.4823529411764706,0,5666.666666666667
YMM251104-00000013,SMF87846210,"2025 첫수확 노지감귤 가정용 3kg, 5kg",로얄과,5.0,1,24000.0,13300.0,10700,0.44583333333333336,0,4800.0
YMM251104-00000014,SMF28240458,과즙폭발 꿀당도 보장 감귤 [유라실생],소과,10.0,4,44900.0,44900.0,0,0.0,0,17960.0
YMM251104-00000015,SMF87846210,"2025 첫수확 노지감귤 가정용 3kg, 5kg",로얄과,5.0,1,24000.0,13300.0,10700,0.44583333333333336,0,4800.0
YMM251104-00000016,SMF21246352,사전예약 저농약 황금향 2.5kg+감귤 대과 2.5kg 추가증정,대과,2.5,1,33000.0,23000.0,10000,0.30303030303030304,0,13200.0
YMM251104-00000017,SMF21246352,사전예약 저농약 황금향 2.5kg+감귤 대과 2.5kg 추가증정,대과,4.5,1,44000.0,34000.0,10000,0.22727272727272727,0,9777.777777777777
YMM251104-00000018,SMF87846210,"2025 첫수확 노지감귤 가정용 3kg, 5kg",소과,3.0,5,17000.0,8800.0,41000,0.4823529411764706,0,28333.333333333332
YMM251104-00000020,SMF87846210,"2025 첫수확 노지감귤 가정용 3kg, 5kg",소과,5.0,3,24000.0,13300.0,32100,0.44583333333333336,0,14400.0
YMM251104-00000021,SMF21246352,사전예약 저농약 황금향 2.5kg+감귤 대과 2.5kg 추가증정,대과,2.5,1,33000.0,23000.0,10000,0.30303030303030304,0,13200.0
YMM251104-00000022,SMF21246352,사전예약 저농약 황금향 2.5kg+감귤 대과 2.5kg 추가증정,대과,4.5,1,44000.0,34000.0,10000,0.22727272727272727,0,9777.777777777777
YMM251104-00000023,SMF21246352,사전예약 저농약 황금향 2.5kg+감귤 대과 2.5kg 추가증정,대과,4.5,1,44000.0,34000.0,10000,0.22727272727272727,0,9777.777777777777
YMM251104-00000024,SMF28240458,과즙폭발 꿀당도 보장 감귤 [유라실생],소과,10.0,1,44900.0,44900.0,0,0.0,0,4490.0
YMM251104-00000025,SMF87846210,"2025 첫수확 노지감귤 가정용 3kg, 5kg",소과,5.0,1,24000.0,13300.0,10700,0.44583333333333336,0,4800.0
YMM251104-00000028,SMF87846210,"2025 첫수확 노지감귤 가정용 3kg, 5kg",소과,5.0,2,24000.0,13300.0,21400,0.44583333333333336,0,9600.0
YMM251104-00000029,SMF87846210,"2025 첫수확 노지감귤 가정용 3kg, 5kg",소과,5.0,1,24000.0,13300.0,10700,0.44583333333333336,0,4800.0
YMM251104-00000030,SMF28240458,과즙폭발 꿀당도 보장 감귤 [유라실생],소과,3.0,1,24900.0,24900.0,0,0.0,0,8300.0
YMM251104-00000031,SMF87846210,"2025 첫수확 노지감귤 가정용 3kg, 5kg",로얄과,5.0,1,24000.0,13300.0,10700,0.44583333333333336,0,4800.0
YMM251104-00000032,SMF87846210,"2025 첫수확 노지감귤 가정용 3kg, 5kg",로얄과,5.0,1,24000.0,13300.0,10700,0.44583333333333336,0,4800.0
YMM251104-00000033,SMF87846210,"2025 첫수확 노지감귤 가정용 3kg, 5kg",소과,3.0,1,17000.0,8800.0,8200,0.4823529411764706,0,5666.666666666667
YMM251104-00000035,SMF28240458,과즙폭발 꿀당도 보장 감귤 [유라실생],소과,3.0,1,24900.0,24900.0,0,0.0,0,8300.0
YMM251104-00000040,SMF28240458,과즙폭발 꿀당도 보장 감귤 [유라실생],소과,3.0,1,24900.0,24900.0,0,0.0,0,8300.0
YMM251104-00000041,SMF21246352,사전예약 저농약 황금향 2.5kg+감귤 대과 2.5kg 추가증정,대과,4.5,1,44000.0,34000.0,10000,0.22727272727272727,0,9777.777777777777
YMM251104-00000042,SMF87846210,"2025 첫수확 노지감귤 가정용 3kg, 5kg",소과,3.0,1,17000.0,8800.0,8200,0.4823529411764706,0,5666.666666666667
YMM251104-00000045,SMF28240458,과즙폭발 꿀당도 보장 감귤 [유라실생],소과,3.0,1,24900.0,24900.0,0,0.0,0,8300.0
YMM251104-00000046,SMF28240458,과즙폭발 꿀당도 보장 감귤 [유라실생],소과,3.0,1,24900.0,24900.0,0,0.0,0,8300.0
YMM251104-00000047,SMF21246352,사전예약 저농약 황금향 2.5kg+감귤 대과 2.5kg 추가증정,대과,4.5,1,44000.0,34000.0,10000,0.22727272727272727,0,9777.777777777777
YMM251104-00000048,SMF21246352,사전예약 저농약 황금향 2.5kg+감귤 대과 2.5kg 추가증정,대과,2.5,1,33000.0,23000.0,10000,0.30303030303030304,0,13200.0
YMM251104-00000049,SMF21246352,사전예약 저농약 황금향 2.5kg+감귤 대과 2.5kg 추가증정,대과,2.5,1,33000.0,23000.0,10000,0.30303030303030304,0,13200.0
YMM251104-00000050,SMF21246352,사전예약 저농약 황금향 2.5kg+감귤 대과 2.5kg 추가증정,대과,4.5,1,44000.0,34000.0,10000,0.22727272727272727,0,9777.777777777777
YMM251104-00000051,SMF21246352,사전예약 저농약 황금향 2.5kg+감귤 대과 2.5kg 추가증정,대과,4.5,1,44000.0,34000.0,10000,0.22727272727272727,0,9777.777777777777
YMM251104-00000052,SMF21246352,사전예약 저농약 황금향 2.5kg+감귤 대과 2.5kg 추가증정,대과,4.5,1,44000.0,34000.0,10000,0.22727272727272727,0,9777.777777777777
YMM251104-00000053,SMF21246352,사전예약 저농약 황금향 2.5kg+감귤 대과 2.5kg 추가증정,대과,4.5,1,44000.0,34000.0,10000,0.22727272727272727,0,9777.777777777777
YMM251104-00000054,SMF21246352,사전예약 저농약 황금향 2.5kg+감귤 대과 2.5kg 추가증정,대과,4.5,1,44000.0,34000.0,10000,0.22727272727272727,0,9777.777777777777
YMM251104-00000055,SMF21246352,사전예약 저농약 황금향 2.5kg+감귤 대과 2.5kg 추가증정,대과,4.5,1,44000.0,34000.0,10000,0.22727272727272727,0,9777.777777777777
YMM251104-00000056,SMF87846210,"2025 첫수확 노지감귤 가정용 3kg, 5kg",로얄과,3.0,1,17000.0,8800.0,8200,0.4823529411764706,0,5666.666666666667
YMM251104-00000057,SMF21246352,사전예약 저농약 황금향 2.5kg+감귤 대과 2.5kg 추가증정,대과,4.5,1,44000.0,34000.0,10000,0.22727272727272727,0,9777.777777777777
YMM251104-00000059,SMF87846210,"2025 첫수확 노지감귤 가정용 3kg, 5kg",소과,5.0,1,24000.0,13300.0,10700,0.44583333333333336,0,4800.0
YMM251104-00000060,SMF87846210,"2025 첫수확 노지감귤 가정용 3kg, 5kg",소과,3.0,1,17000.0,8800.0,8200,0.4823529411764706,0,5666.666666666667
YMM251104-00000061,SMF21246352,사전예약 저농약 황금향 2.5kg+감귤 대과 2.5kg 추가증정,로얄과,10.0,1,35000.0,25000.0,10000,0.2857142857142857,0,3500.0
YMM251104-00000062,SMF87846210,"2025 첫수확 노지감귤 가정용 3kg, 5kg",소과,3.0,1,17000.0,8800.0,8200,0.4823529411764706,0,5666.666666666667
YMM251104-00000064,SMF29718566,제주 산지직송 황금향 선물세트 가정용,중대과,4.5,1,54000.0,40000.0,14000,0.25925925925925924,0,12000.0
YMM251104-00000065,SMF29718566,제주 산지직송 황금향 선물세트 가정용,중대과,2.5,1,39000.0,25000.0,14000,0.358974358974359,0,15600.0
YMM251104-00000066,SMF87846210,"2025 첫수확 노지감귤 가정용 3kg, 5kg",소과,3.0,1,17000.0,8800.0,8200,0.4823529411764706,0,5666.666666666667
YMM251104-00000067,SMF28240458,과즙폭발 꿀당도 보장 감귤 [유라실생],소과,5.0,1,34900.0,34900.0,0,0.0,0,6980.0
YMM251104-00000068,SMF87846210,"2025 첫수확 노지감귤 가정용 3kg, 5kg",소과,10.0,1,35000.0,23000.0,12000,0.34285714285714286,0,3500.0
YMM251104-00000069,SMF87846210,"2025 첫수확 노지감귤 가정용 3kg, 5kg",소과,5.0,1,24000.0,13300.0,10700,0.44583333333333336,0,4800.0
YMM251104-00000070,SMF87846210,"2025 첫수확 노지감귤 가정용 3kg, 5kg",로얄과,10.0,1,35000.0,23000.0,12000,0.34285714285714286,0,3500.0
YMM251104-00000071,SMF21246352,사전예약 저농약 황금향 2.5kg+감귤 대과 2.5kg 추가증정,대과,4.5,1,44000.0,34000.0,10000,0.22727272727272727,0,9777.777777777777
YMM251104-00000072,SMF87846210,"2025 첫수확 노지감귤 가정용 3kg, 5kg",로얄과,10.0,1,35000.0,23000.0,12000,0.34285714285714286,0,3500.0
YMM251104-00000073,SMF21246352,사전예약 저농약 황금향 2.5kg+감귤 대과 2.5kg 추가증정,대과,4.5,1,44000.0,34000.0,10000,0.22727272727272727,0,9777.777777777777
YMM251104-00000074,SMF87846210,"2025 첫수확 노지감귤 가정용 3kg, 5kg",로얄과,10.0,1,35000.0,23000.0,12000,0.34285714285714286,0,3500.0
YMM251104-00000075,SMF28240458,과즙폭발 꿀당도 보장 감귤 [유라실생],소과,3.0,1,24900.0,24900.0,0,0.0,0,8300.0
YMM251104-00000076,SMF28240458,과즙폭발 꿀당도 보장 감귤 [유라실생],소과,3.0,1,24900.0,24900.0,0,0.0,0,8300.0
YMM251104-00000077,SMF28240458,과즙폭발 꿀당도 보장 감귤 [유라실생],소과,3.0,1,24900.0,24900.0,0,0.0,0,8300.0
YMM251104-00000078,SMF87846210,"2025 첫수확 노지감귤 가정용 3kg, 5kg",소과,5.0,1,24000.0,13300.0,10700,0.44583333333333336,0,4800.0
YMM251104-00000079,SMF28240458,과즙폭발 꿀당도 보장 감귤 [유라실생],소과,3.0,1,24900.0,24900.0,0,0.0,0,8300.0
YMM251104-00000080,SMF88753441,"해남 숙성꿀고구마, 베니하루카 3kg 5kg 10kg 한입 중 특상",일반,3.0,1,14900.0,11000.0,3900,0.26174496644295303,0,4966.666666666667
YMM251104-00000082,SMF28240458,과즙폭발 꿀당도 보장 감귤 [유라실생],소과,3.0,1,24900.0,24900.0,0,0.0,0,8300.0
YMM251104-00000083,SMF21246352,사전예약 저농약 황금향 2.5kg+감귤 대과 2.5kg 추가증정,대과,2.5,1,33000.0,23000.0,10000,0.30303030303030304,0,13200.0
YMM251104-00000084,SMF87846210,"2025 첫수확 노지감귤 가정용 3kg, 5kg",로얄과,3.0,1,17000.0,8800.0,8200,0.4823529411764706,0,5666.666666666667
YMM251104-00000085,SMF28240458,과즙폭발 꿀당도 보장 감귤 [유라실생],소과,3.0,1,24900.0,24900.0,0,0.0,0,8300.0
YMM251105-00000001,SMF87846210,"2025 첫수확 노지감귤 가정용 3kg, 5kg",로얄과,10.0,1,35000.0,23000.0,12000,0.34285714285714286,0,3500.0
YMM251105-00000002,SMF28240458,과즙폭발 꿀당도 보장 감귤 [유라실생],소과,3.0,1,24900.0,24900.0,0,0.0,0,8300.0
YMM251105-00000003,SMF28240458,과즙폭발 꿀당도 보장 감귤 [유라실생],소과,3.0,1,24900.0,24900.0,0,0.0,0,8300.0
YMM251105-00000004,SMF29718566,제주 산지직송 황금향 선물세트 가정용,중대과,2.5,1,39000.0,25000.0,14000,0.358974358974359,0,15600.0
YMM251105-00000006,SMF28240458,과즙폭발 꿀당도 보장 감귤 [유라실생],소과,10.0,1,44900.0,44900.0,0,0.0,0,4490.0
YMM251105-00000009,SMF87846210,"2025 첫수확 노지감귤 가정용 3kg, 5kg",로얄과,10.0,1,35000.0,23000.0,12000,0.34285714285714286,0,3500.0
YMM251105-00000010,SMF28240458,과즙폭발 꿀당도 보장 감귤 [유라실생],소과,3.0,1,24900.0,24900.0,0,0.0,0,8300.0
YMM251105-00000011,SMF88753441,"해남 숙성꿀고구마, 베니하루카 3kg 5kg 10kg 한입 중 특상",일반,3.0,1,19900.0,12000.0,7900,0.3969849246231156,0,6633.333333333333
YMM251105-00000013,SMF87846210,"2025 첫수확 노지감귤 가정용 3kg, 5kg",로얄과,5.0,2,24000.0,13300.0,21400,0.44583333333333336,0,9600.0
YMM251105-00000014,SMF28240458,과즙폭발 꿀당도 보장 감귤 [유라실생],소과,3.0,2,24900.0,24900.0,0,0.0,0,16600.0
YMM251105-00000015,SMF28240458,과즙폭발 꿀당도 보장 감귤 [유라실생],소과,5.0,1,34900.0,34900.0,0,0.0,0,6980.0
YMM251105-00000016,SMF97813435,과즙폭발 꿀당도 보장 고당도 감귤 2kg + 황금향 2kg,일반,2.0,1,33000.0,23000.0,10000,0.30303030303030304,0,16500.0
YMM251105-00000017,SMF88753441,"해남 숙성꿀고구마, 베니하루카 3kg 5kg 10kg 한입 중 특상",일반,5.0,1,14900.0,11000.0,3900,0.26174496644295303,0,2980.0
YMM251105-00000018,SMF87846210,"2025 첫수확 노지감귤 가정용 3kg, 5kg",소과,3.0,1,17000.0,8800.0,8200,0.4823529411764706,0,5666.666666666667
YMM251105-00000019,SMF88753441,"해남 숙성꿀고구마, 베니하루카 3kg 5kg 10kg 한입 중 특상",일반,5.0,1,13900.0,10000.0,3900,0.2805755395683453,0,2780.0
YMM251105-00000020,SMF29718566,제주 산지직송 황금향 선물세트 가정용,중대과,2.5,1,39000.0,25000.0,14000,0.358974358974359,0,15600.0
YMM251105-00000021,SMF87846210,"2025 첫수확 노지감귤 가정용 3kg, 5kg",로얄과,5.0,1,24000.0,13300.0,10700,0.44583333333333336,0,4800.0
YMM251105-00000022,SMF88753441,"해남 숙성꿀고구마, 베니하루카 3kg 5kg 10kg 한입 중 특상",일반,3.0,1,15900.0,12000.0,3900,0.24528301886792453,0,5300.0
YMM251105-00000023,SMF88753441,"해남 숙성꿀고구마, 베니하루카 3kg 5kg 10kg 한입 중 특상",일반,5.0,1,14900.0,11000.0,3900,0.26174496644295303,0,2980.0
YMM251105-00000024,SMF28240458,과즙폭발 꿀당도 보장 감귤 [유라실생],소과,5.0,1,34900.0,34900.0,0,0.0,0,6980.0
YMM251105-00000025,SMF28240458,과즙폭발 꿀당도 보장 감귤 [유라실생],소과,5.0,1,34900.0,34900.0,0,0.0,0,6980.0
YMM251105-00000026,SMF28240458,과즙폭발 꿀당도 보장 감귤 [유라실생],소과,5.0,1,34900.0,34900.0,0,0.0,0,6980.0
YMM251105-00000027,SMF28240458,과즙폭발 꿀당도 보장 감귤 [유라실생],소과,5.0,1,34900.0,34900.0,0,0.0,0,6980.0
YMM251105-00000029,SMF28240458,과즙폭발 꿀당도 보장 감귤 [유라실생],소과,5.0,2,34900.0,34900.0,0,0.0,0,13960.0
YMM251105-00000030,SMF28240458,과즙폭발 꿀당도 보장 감귤 [유라실생],소과,5.0,1,34900.0,34900.0,0,0.0,0,6980.0
YMM251105-00000033,SMF88753441,"해남 숙성꿀고구마, 베니하루카 3kg 5kg 10kg 한입 중 특상",일반,5.0,2,23900.0,19000.0,9800,0.20502092050209206,0,9560.0
YMM251105-00000034,SMF87846210,"2025 첫수확 노지감귤 가정용 3kg, 5kg",로얄과,5.0,1,24000.0,13300.0,10700,0.44583333333333336,0,4800.0
YMM251105-00000035,SMF28240458,과즙폭발 꿀당도 보장 감귤 [유라실생],소과,3.0,1,24900.0,24900.0,0,0.0,0,8300.0
YMM251105-00000038,SMF87846210,"2025 첫수확 노지감귤 가정용 3kg, 5kg",소과,3.0,1,17000.0,8800.0,8200,0.4823529411764706,0,5666.666666666667
YMM251105-00000040,SMF88753441,"해남 숙성꿀고구마, 베니하루카 3kg 5kg 10kg 한입 중 특상",일반,5.0,1,20900.0,16000.0,4900,0.23444976076555024,0,4180.0
YMM251105-00000042,SMF87846210,"2025 첫수확 노지감귤 가정용 3kg, 5kg",소과,5.0,1,24000.0,13300.0,10700,0.44583333333333336,0,4800.0
YMM251105-00000043,SMF28240458,과즙폭발 꿀당도 보장 감귤 [유라실생],소과,5.0,1,34900.0,34900.0,0,0.0,0,6980.0
YMM251105-00000045,SMF28240458,과즙폭발 꿀당도 보장 감귤 [유라실생],소과,5.0,1,34900.0,34900.0,0,0.0,0,6980.0
YMM251105-00000046,SMF87846210,"2025 첫수확 노지감귤 가정용 3kg, 5kg",소과,5.0,2,24000.0,13300.0,21400,0.44583333333333336,0,9600.0
YMM251105-00000047,SMF88753441,"해남 숙성꿀고구마, 베니하루카 3kg 5kg 10kg 한입 중 특상",일반,5.0,1,14900.0,11000.0,3900,0.26174496644295303,0,2980.0
YMM251105-00000048,SMF88753441,"해남 숙성꿀고구마, 베니하루카 3kg 5kg 10kg 한입 중 특상",일반,3.0,1,15900.0,12000.0,3900,0.24528301886792453,0,5300.0
YMM251105-00000049,SMF87846210,"2025 첫수확 노지감귤 가정용 3kg, 5kg",소과,5.0,1,24000.0,13300.0,10700,0.44583333333333336,0,4800.0
YMM251105-00000050,SMF28240458,과즙폭발 꿀당도 보장 감귤 [유라실생],소과,5.0,1,34900.0,34900.0,0,0.0,0,6980.0
YMM251105-00000051,SMF28240458,과즙폭발 꿀당도 보장 감귤 [유라실생],소과,3.0,1,24900.0,24900.0,0,0.0,0,8300.0
YMM251105-00000052,SMF28240458,과즙폭발 꿀당도 보장 감귤 [유라실생],소과,5.0,1,34900.0,34900.0,0,0.0,0,6980.0
YMM251105-00000053,SMF28240458,과즙폭발 꿀당도 보장 감귤 [유라실생],소과,3.0,1,24900.0,24900.0,0,0.0,0,8300.0
YMM251105-00000054,SMF87846210,"2025 첫수확 노지감귤 가정용 3kg, 5kg",소과,3.0,1,17000.0,8800.0,8200,0.4823529411764706,0,5666.666666666667
YMM251105-00000055,SMF28240458,과즙폭발 꿀당도 보장 감귤 [유라실생],소과,3.0,1,24900.0,24900.0,0,0.0,0,8300.0
YMM251105-00000056,SMF87846210,"2025 첫수확 노지감귤 가정용 3kg, 5kg",소과,5.0,1,24000.0,13300.0,10700,0.44583333333333336,0,4800.0
YMM251105-00000057,SMF28240458,과즙폭발 꿀당도 보장 감귤 [유라실생],소과,5.0,1,34900.0,34900.0,0,0.0,0,6980.0
YMM251105-00000058,SMF28240458,과즙폭발 꿀당도 보장 감귤 [유라실생],소과,3.0,1,24900.0,24900.0,0,0.0,0,8300.0
YMM251105-00000059,SMF28240458,과즙폭발 꿀당도 보장 감귤 [유라실생],소과,3.0,1,24900.0,24900.0,0,0.0,0,8300.0
YMM251105-00000060,SMF87846210,"2025 첫수확 노지감귤 가정용 3kg, 5kg",로얄과,5.0,1,24000.0,13300.0,10700,0.44583333333333336,0,4800.0
YMM251105-00000061,SMF28240458,과즙폭발 꿀당도 보장 감귤 [유라실생],소과,10.0,1,44900.0,44900.0,0,0.0,0,4490.0
YMM251105-00000063,SMF28240458,과즙폭발 꿀당도 보장 감귤 [유라실생],소과,10.0,2,44900.0,44900.0,0,0.0,0,8980.0
YMM251105-00000064,SMF28240458,과즙폭발 꿀당도 보장 감귤 [유라실생],소과,5.0,1,34900.0,34900.0,0,0.0,0,6980.0
YMM251105-00000065,SMF88753441,"해남 숙성꿀고구마, 베니하루카 3kg 5kg 10kg 한입 중 특상",일반,10.0,1,32900.0,27000.0,5900,0.17933130699088146,0,3290.0
YMM251105-00000066,SMF88753441,"해남 숙성꿀고구마, 베니하루카 3kg 5kg 10kg 한입 중 특상",일반,10.0,1,20900.0,16000.0,4900,0.23444976076555024,0,2090.0
YMM251105-00000067,SMF28240458,과즙폭발 꿀당도 보장 감귤 [유라실생],소과,5.0,1,34900.0,34900.0,0,0.0,0,6980.0
YMM251105-00000068,SMF87846210,"2025 첫수확 노지감귤 가정용 3kg, 5kg",소과,5.0,1,24000.0,13300.0,10700,0.44583333333333336,0,4800.0
YMM251105-00000071,SMF88753441,"해남 숙성꿀고구마, 베니하루카 3kg 5kg 10kg 한입 중 특상",일반,5.0,1,21900.0,17000.0,4900,0.2237442922374429,0,4380.0
YMM251105-00000072,SMF88753441,"해남 숙성꿀고구마, 베니하루카 3kg 5kg 10kg 한입 중 특상",일반,5.0,1,20900.0,16000.0,4900,0.23444976076555024,0,4180.0
YMM251105-00000073,SMF88753441,"해남 숙성꿀고구마, 베니하루카 3kg 5kg 10kg 한입 중 특상",일반,3.0,1,15900.0,12000.0,3900,0.24528301886792453,0,5300.0
YMM251105-00000080,SMF88753441,"해남 숙성꿀고구마, 베니하루카 3kg 5kg 10kg 한입 중 특상",일반,3.0,1,14900.0,11000.0,3900,0.26174496644295303,0,4966.666666666667
YMM251105-00000081,SMF28240458,과즙폭발 꿀당도 보장 감귤 [유라실생],소과,3.0,1,24900.0,24900.0,0,0.0,0,8300.0
YMM251105-00000084,SMF87846210,"2025 첫수확 노지감귤 가정용 3kg, 5kg",소과,3.0,1,17000.0,8800.0,8200,0.4823529411764706,0,5666.666666666667
YMM251105-00000085,SMF87846210,"2025 첫수확 노지감귤 가정용 3kg, 5kg",로얄과,5.0,1,24000.0,13300.0,10700,0.44583333333333336,0,4800.0
YMM251105-00000087,SMF88753441,"해남 숙성꿀고구마, 베니하루카 3kg 5kg 10kg 한입 중 특상",일반,3.0,1,14900.0,11000.0,3900,0.26174496644295303,0,4966.666666666667
YMM251105-00000088,SMF87846210,"2025 첫수확 노지감귤 가정용 3kg, 5kg",로얄과,5.0,1,24000.0,13300.0,10700,0.44583333333333336,0,4800.0
YMM251105-00000089,SMF88753441,"해남 숙성꿀고구마, 베니하루카 3kg 5kg 10kg 한입 중 특상",일반,5.0,1,19900.0,15000.0,4900,0.24623115577889448,0,3980.0
YMM251105-00000090,SMF87846210,"2025 첫수확 노지감귤 가정용 3kg, 5kg",소과,5.0,1,24000.0,13300.0,10700,0.44583333333333336,0,4800.0
YMM251105-00000091,SMF87846210,"2025 첫수확 노지감귤 가정용 3kg, 5kg",로얄과,5.0,1,24000.0,13300.0,10700,0.44583333333333336,0,4800.0
YMM251105-00000092,SMF88753441,"해남 숙성꿀고구마, 베니하루카 3kg 5kg 10kg 한입 중 특상",일반,3.0,1,10900.0,7000.0,3900,0.3577981651376147,0,3633.3333333333335
YMM251105-00000094,SMF28240458,과즙폭발 꿀당도 보장 감귤 [유라실생],소과,3.0,1,24900.0,24900.0,0,0.0,0,8300.0
YMM251105-00000096,SMF29718566,제주 산지직송 황금향 선물세트 가정용,중대과,2.5,2,39000.0,25000.0,28000,0.358974358974359,0,31200.0
YMM251105-00000097,SMF88753441,"해남 숙성꿀고구마, 베니하루카 3kg 5kg 10kg 한입 중 특상",일반,5.0,1,13900.0,10000.0,3900,0.2805755395683453,0,2780.0
YMM251105-00000098,SMF87846210,"2025 첫수확 노지감귤 가정용 3kg, 5kg",로얄과,5.0,2,29500.0,18150.0,22700,0.3847457627118644,0,11800.0
YMM251105-00000102,SMF88753441,"해남 숙성꿀고구마, 베니하루카 3kg 5kg 10kg 한입 중 특상",일반,5.0,1,14900.0,11000.0,3900,0.26174496644295303,0,2980.0
YMM251105-00000105,SMF29718566,제주 산지직송 황금향 선물세트 가정용,중대과,2.5,1,39000.0,25000.0,14000,0.358974358974359,0,15600.0
YMM251105-00000108,SMF28240458,과즙폭발 꿀당도 보장 감귤 [유라실생],소과,10.0,1,44900.0,44900.0,0,0.0,0,4490.0
YMM251105-00000110,SMF88753441,"해남 숙성꿀고구마, 베니하루카 3kg 5kg 10kg 한입 중 특상",일반,3.0,1,15900.0,12000.0,3900,0.24528301886792453,0,5300.0
YMM251105-00000111,SMF88753441,"해남 숙성꿀고구마, 베니하루카 3kg 5kg 10kg 한입 중 특상",일반,3.0,1,15900.0,12000.0,3900,0.24528301886792453,0,5300.0
YMM251105-00000114,SMF87846210,"2025 첫수확 노지감귤 가정용 3kg, 5kg",로얄과,10.0,1,35000.0,23000.0,12000,0.34285714285714286,0,3500.0
YMM251105-00000118,SMF87846210,"2025 첫수확 노지감귤 가정용 3kg, 5kg",소과,3.0,1,17000.0,8800.0,8200,0.4823529411764706,0,5666.666666666667
YMM251105-00000120,SMF87846210,"2025 첫수확 노지감귤 가정용 3kg, 5kg",소과,3.0,1,17000.0,8800.0,8200,0.4823529411764706,0,5666.666666666667
YMM251105-00000121,SMF28240458,과즙폭발 꿀당도 보장 감귤 [유라실생],소과,10.0,1,44900.0,44900.0,0,0.0,0,4490.0
YMM251105-00000122,SMF88753441,"해남 숙성꿀고구마, 베니하루카 3kg 5kg 10kg 한입 중 특상",일반,3.0,1,15900.0,12000.0,3900,0.24528301886792453,0,5300.0
YMM251105-00000123,SMF88753441,"해남 숙성꿀고구마, 베니하루카 3kg 5kg 10kg 한입 중 특상",일반,5.0,1,20900.0,16000.0,4900,0.23444976076555024,0,4180.0
YMM251105-00000124,SMF29718566,제주 산지직송 황금향 선물세트 가정용,중대과,4.5,1,54000.0,40000.0,14000,0.25925925925925924,0,12000.0
YMM251105-00000126,SMF87846210,"2025 첫수확 노지감귤 가정용 3kg, 5kg",로얄과,3.0,1,17000.0,8800.0,8200,0.4823529411764706,0,5666.666666666667
YMM251105-00000127,SMF28240458,과즙폭발 꿀당도 보장 감귤 [유라실생],소과,5.0,1,34900.0,34900.0,0,0.0,0,6980.0
YMM251105-00000128,SMF28240458,과즙폭발 꿀당도 보장 감귤 [유라실생],소과,3.0,1,24900.0,24900.0,0,0.0,0,8300.0
YMM251105-00000129,SMF87846210,"2025 첫수확 노지감귤 가정용 3kg, 5kg",로얄과,10.0,1,35000.0,23000.0,12000,0.34285714285714286,0,3500.0
YMM251105-00000130,SMF88753441,"해남 숙성꿀고구마, 베니하루카 3kg 5kg 10kg 한입 중 특상",일반,5.0,1,20900.0,16000.0,4900,0.23444976076555024,0,4180.0
YMM251105-00000131,SMF87846210,"2025 첫수확 노지감귤 가정용 3kg, 5kg",로얄과,3.0,1,17000.0,8800.0,8200,0.4823529411764706,0,5666.666666666667
YMM251105-00000132,SMF28240458,과즙폭발 꿀당도 보장 감귤 [유라실생],소과,3.0,1,24900.0,24900.0,0,0.0,0,8300.0
YMM251105-00000133,SMF87846210,"2025 첫수확 노지감귤 가정용 3kg, 5kg",소과,3.0,1,17000.0,8800.0,8200,0.4823529411764706,0,5666.666666666667
YMM251105-00000134,SMF28240458,과즙폭발 꿀당도 보장 감귤 [유라실생],소과,10.0,1,44900.0,44900.0,0,0.0,0,4490.0
YMM251105-00000135,SMF28240458,과즙폭발 꿀당도 보장 감귤 [유라실생],소과,5.0,1,34900.0,34900.0,0,0.0,0,6980.0
YMM251105-00000140,SMF87846210,"2025 첫수확 노지감귤 가정용 3kg, 5kg",로얄과,10.0,1,35000.0,23000.0,12000,0.34285714285714286,0,3500.0
YMM251018-00000178,SMF87846210,"2025 첫수확 노지감귤 가정용 3kg, 5kg",로얄과,3.0,1,17000.0,8800.0,8200,0.4823529411764706,0,5666.666666666667
YMM251018-00000180,SMF28240458,과즙폭발 꿀당도 보장 감귤 [유라실생],소과,5.0,1,34900.0,34900.0,0,0.0,0,6980.0
YMM251018-00000181,SMF87846210,"2025 첫수확 노지감귤 가정용 3kg, 5kg",로얄과,3.0,1,17000.0,8800.0,8200,0.4823529411764706,0,5666.666666666667
YMM251018-00000182,SMF28240458,과즙폭발 꿀당도 보장 감귤 [유라실생],소과,2.5,1,24900.0,24900.0,0,0.0,0,9960.0
YMM251018-00000183,SMF87846210,"2025 첫수확 노지감귤 가정용 3kg, 5kg",로얄과,3.0,1,17000.0,8800.0,8200,0.4823529411764706,0,5666.666666666667
YMM251018-00000184,SMF28240458,과즙폭발 꿀당도 보장 감귤 [유라실생],소과,2.5,1,24900.0,24900.0,0,0.0,0,9960.0
YMM251018-00000185,SMF28240458,과즙폭발 꿀당도 보장 감귤 [유라실생],소과,2.5,1,24900.0,24900.0,0,0.0,0,9960.0
YMM251018-00000186,SMF28240458,과즙폭발 꿀당도 보장 감귤 [유라실생],소과,2.5,1,24900.0,24900.0,0,0.0,0,9960.0
YMM251018-00000187,SMF28240458,과즙폭발 꿀당도 보장 감귤 [유라실생],소과,2.5,1,24900.0,24900.0,0,0.0,0,9960.0
YMM251018-00000188,SMF97813435,과즙폭발 꿀당도 보장 고당도 감귤 2kg + 황금향 2kg,소과,2.0,1,33000.0,23000.0,10000,0.30303030303030304,0,16500.0
YMM251018-00000189,SMF28240458,과즙폭발 꿀당도 보장 감귤 [유라실생],소과,2.5,1,24900.0,24900.0,0,0.0,0,9960.0
YMM251018-00000190,SMF28240458,과즙폭발 꿀당도 보장 감귤 [유라실생],소과,2.5,1,24900.0,24900.0,0,0.0,0,9960.0
YMM251018-00000191,SMF28240458,과즙폭발 꿀당도 보장 감귤 [유라실생],소과,5.0,1,34900.0,34900.0,0,0.0,0,6980.0
YMM251018-00000192,SMF28240458,과즙폭발 꿀당도 보장 감귤 [유라실생],소과,2.5,1,24900.0,24900.0,0,0.0,0,9960.0
YMM251018-00000193,SMF87846210,"2025 첫수확 노지감귤 가정용 3kg, 5kg",로얄과,3.0,1,17000.0,8800.0,8200,0.4823529411764706,0,5666.666666666667
YMM251018-00000194,SMF28240458,과즙폭발 꿀당도 보장 감귤 [유라실생],소과,2.5,1,24900.0,24900.0,0,0.0,0,9960.0
YMM251018-00000195,SMF28240458,과즙폭발 꿀당도 보장 감귤 [유라실생],소과,5.0,1,34900.0,34900.0,0,0.0,0,6980.0
YMM251018-00000196,SMF28240458,과즙폭발 꿀당도 보장 감귤 [유라실생],소과,5.0,1,34900.0,34900.0,0,0.0,0,6980.0
YMM251018-00000198,SMF28240458,과즙폭발 꿀당도 보장 감귤 [유라실생],소과,2.5,3,24900.0,24900.0,0,0.0,0,29880.0
YMM251018-00000199,SMF28240458,과즙폭발 꿀당도 보장 감귤 [유라실생],소과,5.0,1,34900.0,34900.0,0,0.0,0,6980.0
YMM251018-00000200,SMF28240458,과즙폭발 꿀당도 보장 감귤 [유라실생],소과,5.0,1,34900.0,34900.0,0,0.0,0,6980.0
YMM251018-00000201,SMF28240458,과즙폭발 꿀당도 보장 감귤 [유라실생],소과,5.0,1,34900.0,34900.0,0,0.0,0,6980.0
YMM251018-00000202,SMF28240458,과즙폭발 꿀당도 보장 감귤 [유라실생],소과,5.0,1,34900.0,34900.0,0,0.0,0,6980.0
YMM251018-00000203,SMF28240458,과즙폭발 꿀당도 보장 감귤 [유라실생],소과,2.5,1,24900.0,24900.0,0,0.0,0,9960.0
YMM251018-00000204,SMF28240458,과즙폭발 꿀당도 보장 감귤 [유라실생],소과,5.0,1,34900.0,34900.0,0,0.0,0,6980.0
YMM251018-00000209,SMF28240458,과즙폭발 꿀당도 보장 감귤 [유라실생],소과,5.0,1,34900.0,34900.0,0,0.0,0,6980.0
YMM251018-00000210,SMF28240458,과즙폭발 꿀당도 보장 감귤 [유라실생],소과,5.0,1,34900.0,34900.0,0,0.0,0,6980.0
YMM251018-00000211,SMF28240458,과즙폭발 꿀당도 보장 감귤 [유라실생],소과,5.0,1,34900.0,34900.0,0,0.0,0,6980.0
YMM251018-00000212,SMF28240458,과즙폭발 꿀당도 보장 감귤 [유라실생],소과,5.0,1,34900.0,34900.0,0,0.0,0,6980.0
YMM251018-00000214,SMF28240458,과즙폭발 꿀당도 보장 감귤 [유라실생],소과,5.0,1,34900.0,34900.0,0,0.0,0,6980.0
YMM251018-00000215,SMF28240458,과즙폭발 꿀당도 보장 감귤 [유라실생],소과,2.5,1,24900.0,24900.0,0,0.0,0,9960.0
YMM251018-00000216,SMF87846210,"2025 첫수확 노지감귤 가정용 3kg, 5kg",로얄과,10.0,1,35000.0,23000.0,12000,0.34285714285714286,0,3500.0
YMM251018-00000217,SMF28240458,과즙폭발 꿀당도 보장 감귤 [유라실생],소과,2.5,1,24900.0,24900.0,0,0.0,0,9960.0
YMM251018-00000218,SMF87846210,"2025 첫수확 노지감귤 가정용 3kg, 5kg",소과,10.0,1,35000.0,23000.0,12000,0.34285714285714286,0,3500.0
YMM251018-00000219,SMF28240458,과즙폭발 꿀당도 보장 감귤 [유라실생],소과,5.0,1,34900.0,34900.0,0,0.0,0,6980.0
YMM251018-00000220,SMF87846210,"2025 첫수확 노지감귤 가정용 3kg, 5kg",로얄과,5.0,1,24000.0,13300.0,10700,0.44583333333333336,0,4800.0
YMM251018-00000221,SMF28240458,과즙폭발 꿀당도 보장 감귤 [유라실생],소과,5.0,1,34900.0,34900.0,0,0.0,0,6980.0
YMM251018-00000222,SMF28240458,과즙폭발 꿀당도 보장 감귤 [유라실생],소과,5.0,1,34900.0,34900.0,0,0.0,0,6980.0
YMM251018-00000223,SMF28240458,과즙폭발 꿀당도 보장 감귤 [유라실생],소과,2.5,1,24900.0,24900.0,0,0.0,0,9960.0
YMM251018-00000224,SMF28240458,과즙폭발 꿀당도 보장 감귤 [유라실생],소과,5.0,1,34900.0,34900.0,0,0.0,0,6980.0
YMM251018-00000225,SMF97813435,과즙폭발 꿀당도 보장 고당도 감귤 2kg + 황금향 2kg,소과,4.0,1,35000.0,25000.0,10000,0.2857142857142857,0,8750.0
YMM251018-00000226,SMF97813435,과즙폭발 꿀당도 보장 고당도 감귤 2kg + 황금향 2kg,소과,2.0,1,33000.0,23000.0,10000,0.30303030303030304,0,16500.0
YMM251018-00000227,SMF28240458,과즙폭발 꿀당도 보장 감귤 [유라실생],소과,5.0,1,34900.0,34900.0,0,0.0,0,6980.0
YMM251018-00000228,SMF97813435,과즙폭발 꿀당도 보장 고당도 감귤 2kg + 황금향 2kg,소과,4.0,1,35000.0,25000.0,10000,0.2857142857142857,0,8750.0
YMM251018-00000229,SMF97813435,과즙폭발 꿀당도 보장 고당도 감귤 2kg + 황금향 2kg,소과,4.0,1,35000.0,25000.0,10000,0.2857142857142857,0,8750.0
YMM251018-00000230,SMF97813435,과즙폭발 꿀당도 보장 고당도 감귤 2kg + 황금향 2kg,소과,4.0,1,35000.0,25000.0,10000,0.2857142857142857,0,8750.0
YMM251018-00000231,SMF28240458,과즙폭발 꿀당도 보장 감귤 [유라실생],소과,2.5,1,24900.0,24900.0,0,0.0,0,9960.0
YMM251018-00000232,SMF97813435,과즙폭발 꿀당도 보장 고당도 감귤 2kg + 황금향 2kg,소과,2.0,1,33000.0,23000.0,10000,0.30303030303030304,0,16500.0
YMM251018-00000233,SMF97813435,과즙폭발 꿀당도 보장 고당도 감귤 2kg + 황금향 2kg,소과,2.0,1,33000.0,23000.0,10000,0.30303030303030304,0,16500.0
YMM251018-00000234,SMF28240458,과즙폭발 꿀당도 보장 감귤 [유라실생],소과,2.5,1,24900.0,24900.0,0,0.0,0,9960.0
YMM251018-00000236,SMF97813435,과즙폭발 꿀당도 보장 고당도 감귤 2kg + 황금향 2kg,소과,2.0,1,33000.0,23000.0,10000,0.30303030303030304,0,16500.0
YMM251018-00000237,SMF28240458,과즙폭발 꿀당도 보장 감귤 [유라실생],소과,5.0,1,34900.0,34900.0,0,0.0,0,6980.0
YMM251018-00000238,SMF28240458,과즙폭발 꿀당도 보장 감귤 [유라실생],소과,2.5,1,24900.0,24900.0,0,0.0,0,9960.0
YMM251018-00000239,SMF28240458,과즙폭발 꿀당도 보장 감귤 [유라실생],소과,5.0,1,34900.0,34900.0,0,0.0,0,6980.0
YMM251018-00000240,SMF28240458,과즙폭발 꿀당도 보장 감귤 [유라실생],소과,5.0,1,34900.0,34900.0,0,0.0,0,6980.0
YMM251018-00000242,SMF28240458,과즙폭발 꿀당도 보장 감귤 [유라실생],소과,2.5,1,24900.0,24900.0,0,0.0,0,9960.0
YMM251018-00000243,SMF28240458,과즙폭발 꿀당도 보장 감귤 [유라실생],소과,2.5,1,24900.0,24900.0,0,0.0,0,9960.0
YMM251018-00000244,SMF28240458,과즙폭발 꿀당도 보장 감귤 [유라실생],소과,5.0,1,34900.0,34900.0,0,0.0,0,6980.0
YMM251018-00000245,SMF87846210,"2025 첫수확 노지감귤 가정용 3kg, 5kg",소과,3.0,1,17000.0,8800.0,8200,0.4823529411764706,0,5666.666666666667
YMM251018-00000246,SMF28240458,과즙폭발 꿀당도 보장 감귤 [유라실생],소과,5.0,1,34900.0,34900.0,0,0.0,0,6980.0
YMM251018-00000247,SMF28240458,과즙폭발 꿀당도 보장 감귤 [유라실생],소과,5.0,1,34900.0,34900.0,0,0.0,0,6980.0
YMM251018-00000248,SMF28240458,과즙폭발 꿀당도 보장 감귤 [유라실생],소과,2.5,1,24900.0,24900.0,0,0.0,0,9960.0
YMM251018-00000249,SMF28240458,과즙폭발 꿀당도 보장 감귤 [유라실생],소과,2.5,1,24900.0,24900.0,0,0.0,0,9960.0
YMM251018-00000250,SMF28240458,과즙폭발 꿀당도 보장 감귤 [유라실생],소과,2.5,1,24900.0,24900.0,0,0.0,0,9960.0
YMM251018-00000251,SMF28240458,과즙폭발 꿀당도 보장 감귤 [유라실생],소과,2.5,1,24900.0,24900.0,0,0.0,0,9960.0
YMM251018-00000252,SMF28240458,과즙폭발 꿀당도 보장 감귤 [유라실생],소과,2.5,1,24900.0,24900.0,0,0.0,0,9960.0
YMM251018-00000253,SMF28240458,과즙폭발 꿀당도 보장 감귤 [유라실생],소과,2.5,1,24900.0,24900.0,0,0.0,0,9960.0
YMM251018-00000254,SMF28240458,과즙폭발 꿀당도 보장 감귤 [유라실생],소과,5.0,1,34900.0,34900.0,0,0.0,0,6980.0
YMM251018-00000255,SMF28240458,과즙폭발 꿀당도 보장 감귤 [유라실생],소과,5.0,1,34900.0,34900.0,0,0.0,0,6980.0
YMM251018-00000256,SMF28240458,과즙폭발 꿀당도 보장 감귤 [유라실생],소과,5.0,1,34900.0,34900.0,0,0.0,0,6980.0
YMM251018-00000258,SMF97813435,과즙폭발 꿀당도 보장 고당도 감귤 2kg + 황금향 2kg,소과,2.0,1,33000.0,23000.0,10000,0.30303030303030304,0,16500.0
YMM251018-00000259,SMF28240458,과즙폭발 꿀당도 보장 감귤 [유라실생],소과,5.0,1,34900.0,34900.0,0,0.0,0,6980.0
YMM251018-00000260,SMF87846210,"2025 첫수확 노지감귤 가정용 3kg, 5kg",소과,3.0,1,17000.0,8800.0,8200,0.4823529411764706,0,5666.666666666667
YMM251018-00000262,SMF97813435,과즙폭발 꿀당도 보장 고당도 감귤 2kg + 황금향 2kg,소과,2.0,1,33000.0,23000.0,10000,0.30303030303030304,0,16500.0
YMM251018-00000263,SMF28240458,과즙폭발 꿀당도 보장 감귤 [유라실생],소과,5.0,1,34900.0,34900.0,0,0.0,0,6980.0
YMM251018-00000264,SMF28240458,과즙폭발 꿀당도 보장 감귤 [유라실생],소과,2.5,1,24900.0,24900.0,0,0.0,0,9960.0
YMM251018-00000265,SMF28240458,과즙폭발 꿀당도 보장 감귤 [유라실생],소과,5.0,1,34900.0,34900.0,0,0.0,0,6980.0
YMM251018-00000266,SMF28240458,과즙폭발 꿀당도 보장 감귤 [유라실생],소과,2.5,1,24900.0,24900.0,0,0.0,0,9960.0
YMM251018-00000267,SMF28240458,과즙폭발 꿀당도 보장 감귤 [유라실생],소과,2.5,1,24900.0,24900.0,0,0.0,0,9960.0
YMM251018-00000268,SMF28240458,과즙폭발 꿀당도 보장 감귤 [유라실생],소과,5.0,1,34900.0,34900.0,0,0.0,0,6980.0
YMM251018-00000269,SMF28240458,과즙폭발 꿀당도 보장 감귤 [유라실생],소과,2.5,1,24900.0,24900.0,0,0.0,0,9960.0
YMM251018-00000270,SMF97813435,과즙폭발 꿀당도 보장 고당도 감귤 2kg + 황금향 2kg,소과,2.0,1,33000.0,23000.0,10000,0.30303030303030304,0,16500.0
YMM251018-00000271,SMF28240458,과즙폭발 꿀당도 보장 감귤 [유라실생],소과,2.5,1,24900.0,24900.0,0,0.0,0,9960.0
YMM251018-00000272,SMF28240458,과즙폭발 꿀당도 보장 감귤 [유라실생],소과,2.5,1,24900.0,24900.0,0,0.0,0,9960.0
YMM251018-00000273,SMF87846210,"2025 첫수확 노지감귤 가정용 3kg, 5kg",로얄과,10.0,1,35000.0,23000.0,12000,0.34285714285714286,0,3500.0
YMM251018-00000274,SMF28240458,과즙폭발 꿀당도 보장 감귤 [유라실생],소과,5.0,1,34900.0,34900.0,0,0.0,0,6980.0
YMM251018-00000275,SMF28240458,과즙폭발 꿀당도 보장 감귤 [유라실생],소과,2.5,1,24900.0,24900.0,0,0.0,0,9960.0
YMM251018-00000276,SMF28240458,과즙폭발 꿀당도 보장 감귤 [유라실생],소과,2.5,1,24900.0,24900.0,0,0.0,0,9960.0
YMM251018-00000277,SMF97813435,과즙폭발 꿀당도 보장 고당도 감귤 2kg + 황금향 2kg,소과,2.0,1,33000.0,23000.0,10000,0.30303030303030304,0,16500.0
YMM251018-00000278,SMF28240458,과즙폭발 꿀당도 보장 감귤 [유라실생],소과,2.5,1,24900.0,24900.0,0,0.0,0,9960.0
YMM251018-00000279,SMF87846210,"2025 첫수확 노지감귤 가정용 3kg, 5kg",소과,5.0,1,24000.0,13300.0,10700,0.44583333333333336,0,4800.0
YMM251018-00000280,SMF97813435,과즙폭발 꿀당도 보장 고당도 감귤 2kg + 황금향 2kg,소과,2.0,1,33000.0,23000.0,10000,0.30303030303030304,0,16500.0
YMM251018-00000281,SMF28240458,과즙폭발 꿀당도 보장 감귤 [유라실생],소과,2.5,1,24900.0,24900.0,0,0.0,0,9960.0
YMM251018-00000282,SMF28240458,과즙폭발 꿀당도 보장 감귤 [유라실생],소과,2.5,1,24900.0,24900.0,0,0.0,0,9960.0
YMM251018-00000283,SMF28240458,과즙폭발 꿀당도 보장 감귤 [유라실생],소과,2.5,1,24900.0,24900.0,0,0.0,0,9960.0
YMM251018-00000284,SMF28240458,과즙폭발 꿀당도 보장 감귤 [유라실생],소과,2.5,1,24900.0,24900.0,0,0.0,0,9960.0
YMM251018-00000285,SMF87846210,"2025 첫수확 노지감귤 가정용 3kg, 5kg",소과,3.0,1,17000.0,8800.0,8200,0.4823529411764706,0,5666.666666666667
YMM251018-00000286,SMF87846210,"2025 첫수확 노지감귤 가정용 3kg, 5kg",소과,3.0,1,17000.0,8800.0,8200,0.4823529411764706,0,5666.666666666667
YMM251018-00000287,SMF28240458,과즙폭발 꿀당도 보장 감귤 [유라실생],소과,2.5,1,24900.0,24900.0,0,0.0,0,9960.0
YMM251018-00000288,SMF87846210,"2025 첫수확 노지감귤 가정용 3kg, 5kg",소과,3.0,1,17000.0,8800.0,8200,0.4823529411764706,0,5666.666666666667
YMM251018-00000290,SMF97813435,과즙폭발 꿀당도 보장 고당도 감귤 2kg + 황금향 2kg,소과,2.0,1,33000.0,23000.0,10000,0.30303030303030304,0,16500.0
YMM251018-00000291,SMF29718566,제주 산지직송 황금향 선물세트 가정용,소과,3.0,1,32000.0,15800.0,16200,0.50625,0,10666.666666666666
YMM251018-00000293,SMF28240458,과즙폭발 꿀당도 보장 감귤 [유라실생],소과,5.0,1,34900.0,34900.0,0,0.0,0,6980.0
YMM251018-00000294,SMF28240458,과즙폭발 꿀당도 보장 감귤 [유라실생],소과,5.0,1,34900.0,34900.0,0,0.0,0,6980.0
YMM251018-00000295,SMF28240458,과즙폭발 꿀당도 보장 감귤 [유라실생],소과,2.5,1,24900.0,24900.0,0,0.0,0,9960.0
YMM251018-00000297,SMF87846210,"2025 첫수확 노지감귤 가정용 3kg, 5kg",소과,10.0,1,35000.0,23000.0,12000,0.34285714285714286,0,3500.0
YMM251018-00000298,SMF29718566,제주 산지직송 황금향 선물세트 가정용,중대과,2.5,1,39000.0,25000.0,14000,0.358974358974359,0,15600.0
YMM251018-00000299,SMF28240458,과즙폭발 꿀당도 보장 감귤 [유라실생],소과,5.0,1,34900.0,34900.0,0,0.0,0,6980.0
YMM251018-00000300,SMF28240458,과즙폭발 꿀당도 보장 감귤 [유라실생],소과,5.0,1,34900.0,34900.0,0,0.0,0,6980.0
YMM251018-00000301,SMF28240458,과즙폭발 꿀당도 보장 감귤 [유라실생],소과,2.5,1,24900.0,24900.0,0,0.0,0,9960.0
YMM251018-00000302,SMF28240458,과즙폭발 꿀당도 보장 감귤 [유라실생],소과,2.5,1,24900.0,24900.0,0,0.0,0,9960.0
YMM251018-00000303,SMF28240458,과즙폭발 꿀당도 보장 감귤 [유라실생],소과,5.0,1,34900.0,34900.0,0,0.0,0,6980.0
YMM251018-00000304,SMF28240458,과즙폭발 꿀당도 보장 감귤 [유라실생],소과,5.0,1,34900.0,34900.0,0,0.0,0,6980.0
YMM251018-00000305,SMF28240458,과즙폭발 꿀당도 보장 감귤 [유라실생],소과,2.5,1,24900.0,24900.0,0,0.0,0,9960.0
YMM251018-00000306,SMF28240458,과즙폭발 꿀당도 보장 감귤 [유라실생],소과,2.5,1,24900.0,24900.0,0,0.0,0,9960.0
YMM251018-00000307,SMF28240458,과즙폭발 꿀당도 보장 감귤 [유라실생],소과,5.0,1,34900.0,34900.0,0,0.0,0,6980.0
YMM251018-00000308,SMF97813435,과즙폭발 꿀당도 보장 고당도 감귤 2kg + 황금향 2kg,일반,2.0,1,33000.0,23000.0,10000,0.30303030303030304,0,16500.0
YMM251018-00000309,SMF28240458,과즙폭발 꿀당도 보장 감귤 [유라실생],소과,5.0,1,34900.0,34900.0,0,0.0,0,6980.0
YMM251018-00000311,SMF28240458,과즙폭발 꿀당도 보장 감귤 [유라실생],소과,5.0,1,34900.0,34900.0,0,0.0,0,6980.0
YMM251018-00000312,SMF28240458,과즙폭발 꿀당도 보장 감귤 [유라실생],소과,2.5,1,24900.0,24900.0,0,0.0,0,9960.0
YMM251018-00000313,SMF28240458,과즙폭발 꿀당도 보장 감귤 [유라실생],소과,5.0,1,34900.0,34900.0,0,0.0,0,6980.0
YMM251018-00000314,SMF28240458,과즙폭발 꿀당도 보장 감귤 [유라실생],소과,5.0,1,34900.0,34900.0,0,0.0,0,6980.0
YMM251018-00000315,SMF28240458,과즙폭발 꿀당도 보장 감귤 [유라실생],소과,2.5,1,24900.0,24900.0,0,0.0,0,9960.0
YMM251018-00000316,SMF28240458,과즙폭발 꿀당도 보장 감귤 [유라실생],소과,2.5,1,24900.0,24900.0,0,0.0,0,9960.0
YMM251018-00000317,SMF28240458,과즙폭발 꿀당도 보장 감귤 [유라실생],소과,5.0,1,34900.0,34900.0,0,0.0,0,6980.0
YMM251018-00000320,SMF97813435,과즙폭발 꿀당도 보장 고당도 감귤 2kg + 황금향 2kg,일반,2.0,1,33000.0,23000.0,10000,0.30303030303030304,0,16500.0
YMM251018-00000321,SMF28240458,과즙폭발 꿀당도 보장 감귤 [유라실생],소과,5.0,1,34900.0,34900.0,0,0.0,0,6980.0
YMM251018-00000322,SMF28240458,과즙폭발 꿀당도 보장 감귤 [유라실생],소과,2.5,1,24900.0,24900.0,0,0.0,0,9960.0
YMM251018-00000323,SMF97813435,과즙폭발 꿀당도 보장 고당도 감귤 2kg + 황금향 2kg,일반,2.0,1,33000.0,23000.0,10000,0.30303030303030304,0,16500.0
YMM251018-00000324,SMF97813435,과즙폭발 꿀당도 보장 고당도 감귤 2kg + 황금향 2kg,일반,2.0,1,33000.0,23000.0,10000,0.30303030303030304,0,16500.0
YMM251018-00000327,SMF28240458,과즙폭발 꿀당도 보장 감귤 [유라실생],소과,5.0,1,34900.0,34900.0,0,0.0,0,6980.0
YMM251018-00000328,SMF28240458,과즙폭발 꿀당도 보장 감귤 [유라실생],소과,5.0,1,34900.0,34900.0,0,0.0,0,6980.0
YMM251018-00000329,SMF28240458,과즙폭발 꿀당도 보장 감귤 [유라실생],소과,5.0,1,34900.0,34900.0,0,0.0,0,6980.0
YMM251018-00000334,SMF28240458,과즙폭발 꿀당도 보장 감귤 [유라실생],소과,5.0,1,34900.0,34900.0,0,0.0,0,6980.0
YMM251018-00000335,SMF28240458,과즙폭발 꿀당도 보장 감귤 [유라실생],소과,2.5,1,24900.0,24900.0,0,0.0,0,9960.0
YMM251018-00000336,SMF28240458,과즙폭발 꿀당도 보장 감귤 [유라실생],소과,5.0,1,34900.0,34900.0,0,0.0,0,6980.0
YMM251018-00000337,SMF28240458,과즙폭발 꿀당도 보장 감귤 [유라실생],소과,2.5,1,24900.0,24900.0,0,0.0,0,9960.0
YMM251018-00000338,SMF28240458,과즙폭발 꿀당도 보장 감귤 [유라실생],소과,5.0,1,34900.0,34900.0,0,0.0,0,6980.0
YMM251018-00000339,SMF28240458,과즙폭발 꿀당도 보장 감귤 [유라실생],소과,5.0,1,34900.0,34900.0,0,0.0,0,6980.0
YMM251018-00000340,SMF87846210,"2025 첫수확 노지감귤 가정용 3kg, 5kg",소과,5.0,1,24000.0,13300.0,10700,0.44583333333333336,0,4800.0
YMM251018-00000341,SMF28240458,과즙폭발 꿀당도 보장 감귤 [유라실생],소과,2.5,1,24900.0,24900.0,0,0.0,0,9960.0
YMM251018-00000342,SMF28240458,과즙폭발 꿀당도 보장 감귤 [유라실생],소과,2.5,1,24900.0,24900.0,0,0.0,0,9960.0
YMM251018-00000343,SMF28240458,과즙폭발 꿀당도 보장 감귤 [유라실생],소과,2.5,1,24900.0,24900.0,0,0.0,0,9960.0
YMM251018-00000344,SMF28240458,과즙폭발 꿀당도 보장 감귤 [유라실생],소과,5.0,1,34900.0,34900.0,0,0.0,0,6980.0
YMM251018-00000346,SMF28240458,과즙폭발 꿀당도 보장 감귤 [유라실생],소과,2.5,1,24900.0,24900.0,0,0.0,0,9960.0
YMM251018-00000347,SMF28240458,과즙폭발 꿀당도 보장 감귤 [유라실생],소과,2.5,1,24900.0,24900.0,0,0.0,0,9960.0
YMM251018-00000348,SMF28240458,과즙폭발 꿀당도 보장 감귤 [유라실생],소과,5.0,1,34900.0,34900.0,0,0.0,0,6980.0
YMM251018-00000349,SMF28240458,과즙폭발 꿀당도 보장 감귤 [유라실생],소과,5.0,1,34900.0,34900.0,0,0.0,0,6980.0
YMM251018-00000350,SMF97813435,과즙폭발 꿀당도 보장 고당도 감귤 2kg + 황금향 2kg,일반,2.0,1,33000.0,23000.0,10000,0.30303030303030304,0,16500.0
YMM251018-00000351,SMF28240458,과즙폭발 꿀당도 보장 감귤 [유라실생],소과,2.5,1,24900.0,24900.0,0,0.0,0,9960.0
YMM251018-00000352,SMF28240458,과즙폭발 꿀당도 보장 감귤 [유라실생],소과,5.0,1,34900.0,34900.0,0,0.0,0,6980.0
YMM251018-00000353,SMF28240458,과즙폭발 꿀당도 보장 감귤 [유라실생],소과,2.5,1,24900.0,24900.0,0,0.0,0,9960.0
YMM251018-00000354,SMF28240458,과즙폭발 꿀당도 보장 감귤 [유라실생],소과,5.0,1,34900.0,34900.0,0,0.0,0,6980.0
YMM251018-00000355,SMF28240458,과즙폭발 꿀당도 보장 감귤 [유라실생],소과,2.5,1,24900.0,24900.0,0,0.0,0,9960.0
YMM251018-00000356,SMF28240458,과즙폭발 꿀당도 보장 감귤 [유라실생],소과,5.0,1,34900.0,34900.0,0,0.0,0,6980.0
YMM251018-00000357,SMF28240458,과즙폭발 꿀당도 보장 감귤 [유라실생],소과,5.0,1,34900.0,34900.0,0,0.0,0,6980.0
YMM251018-00000360,SMF28240458,과즙폭발 꿀당도 보장 감귤 [유라실생],소과,2.5,1,24900.0,24900.0,0,0.0,0,9960.0
YMM251018-00000361,SMF28240458,과즙폭발 꿀당도 보장 감귤 [유라실생],소과,2.5,1,24900.0,24900.0,0,0.0,0,9960.0
YMM251018-00000362,SMF28240458,과즙폭발 꿀당도 보장 감귤 [유라실생],소과,2.5,1,24900.0,24900.0,0,0.0,0,9960.0
YMM251018-00000363,SMF28240458,과즙폭발 꿀당도 보장 감귤 [유라실생],소과,5.0,1,34900.0,34900.0,0,0.0,0,6980.0
YMM251018-00000364,SMF28240458,과즙폭발 꿀당도 보장 감귤 [유라실생],소과,5.0,1,34900.0,34900.0,0,0.0,0,6980.0
YMM251018-00000365,SMF28240458,과즙폭발 꿀당도 보장 감귤 [유라실생],소과,5.0,1,34900.0,34900.0,0,0.0,0,6980.0
YMM251018-00000366,SMF28240458,과즙폭발 꿀당도 보장 감귤 [유라실생],소과,2.5,2,24900.0,24900.0,0,0.0,0,19920.0
YMM251018-00000367,SMF28240458,과즙폭발 꿀당도 보장 감귤 [유라실생],소과,5.0,1,34900.0,34900.0,0,0.0,0,6980.0
YMM251018-00000369,SMF28240458,과즙폭발 꿀당도 보장 감귤 [유라실생],소과,5.0,1,34900.0,34900.0,0,0.0,0,6980.0
YMM251018-00000370,SMF28240458,과즙폭발 꿀당도 보장 감귤 [유라실생],소과,5.0,1,34900.0,34900.0,0,0.0,0,6980.0
YMM251018-00000371,SMF28240458,과즙폭발 꿀당도 보장 감귤 [유라실생],소과,5.0,1,34900.0,34900.0,0,0.0,0,6980.0
YMM251018-00000372,SMF28240458,과즙폭발 꿀당도 보장 감귤 [유라실생],소과,5.0,1,34900.0,34900.0,0,0.0,0,6980.0
YMM251018-00000373,SMF28240458,과즙폭발 꿀당도 보장 감귤 [유라실생],소과,2.5,1,24900.0,24900.0,0,0.0,0,9960.0
YMM251018-00000374,SMF28240458,과즙폭발 꿀당도 보장 감귤 [유라실생],소과,5.0,1,34900.0,34900.0,0,0.0,0,6980.0
YMM251018-00000376,SMF87846210,"2025 첫수확 노지감귤 가정용 3kg, 5kg",소과,5.0,1,24000.0,13300.0,10700,0.44583333333333336,0,4800.0
YMM251018-00000377,SMF28240458,과즙폭발 꿀당도 보장 감귤 [유라실생],소과,2.5,1,24900.0,24900.0,0,0.0,0,9960.0
YMM251018-00000378,SMF28240458,과즙폭발 꿀당도 보장 감귤 [유라실생],소과,5.0,1,34900.0,34900.0,0,0.0,0,6980.0
YMM251018-00000379,SMF28240458,과즙폭발 꿀당도 보장 감귤 [유라실생],소과,2.5,1,24900.0,24900.0,0,0.0,0,9960.0
YMM251018-00000380,SMF28240458,과즙폭발 꿀당도 보장 감귤 [유라실생],소과,2.5,1,24900.0,24900.0,0,0.0,0,9960.0
YMM251019-00000001,SMF28240458,과즙폭발 꿀당도 보장 감귤 [유라실생],소과,5.0,1,34900.0,34900.0,0,0.0,0,6980.0
YMM251019-00000002,SMF28240458,과즙폭발 꿀당도 보장 감귤 [유라실생],소과,5.0,1,34900.0,34900.0,0,0.0,0,6980.0
YMM251019-00000003,SMF28240458,과즙폭발 꿀당도 보장 감귤 [유라실생],소과,5.0,1,34900.0,34900.0,0,0.0,0,6980.0
YMM251019-00000004,SMF28240458,과즙폭발 꿀당도 보장 감귤 [유라실생],소과,2.5,1,24900.0,24900.0,0,0.0,0,9960.0
YMM251019-00000005,SMF28240458,과즙폭발 꿀당도 보장 감귤 [유라실생],소과,5.0,1,34900.0,34900.0,0,0.0,0,6980.0
YMM251019-00000007,SMF28240458,과즙폭발 꿀당도 보장 감귤 [유라실생],소과,5.0,1,34900.0,34900.0,0,0.0,0,6980.0
YMM251019-00000009,SMF28240458,과즙폭발 꿀당도 보장 감귤 [유라실생],소과,2.5,1,24900.0,24900.0,0,0.0,0,9960.0
YMM251019-00000012,SMF28240458,과즙폭발 꿀당도 보장 감귤 [유라실생],소과,5.0,1,34900.0,34900.0,0,0.0,0,6980.0
YMM251019-00000017,SMF28240458,과즙폭발 꿀당도 보장 감귤 [유라실생],소과,2.5,1,24900.0,24900.0,0,0.0,0,9960.0
YMM251019-00000018,SMF28240458,과즙폭발 꿀당도 보장 감귤 [유라실생],소과,5.0,1,34900.0,34900.0,0,0.0,0,6980.0
YMM251019-00000019,SMF28240458,과즙폭발 꿀당도 보장 감귤 [유라실생],소과,5.0,1,34900.0,34900.0,0,0.0,0,6980.0
YMM251019-00000020,SMF28240458,과즙폭발 꿀당도 보장 감귤 [유라실생],소과,5.0,1,34900.0,34900.0,0,0.0,0,6980.0
YMM251019-00000021,SMF28240458,과즙폭발 꿀당도 보장 감귤 [유라실생],소과,2.5,1,24900.0,24900.0,0,0.0,0,9960.0
YMM251019-00000023,SMF28240458,과즙폭발 꿀당도 보장 감귤 [유라실생],소과,2.5,1,24900.0,24900.0,0,0.0,0,9960.0
YMM251019-00000024,SMF97813435,과즙폭발 꿀당도 보장 고당도 감귤 2kg + 황금향 2kg,일반,2.0,1,33000.0,23000.0,10000,0.30303030303030304,0,16500.0
YMM251019-00000025,SMF97813435,과즙폭발 꿀당도 보장 고당도 감귤 2kg + 황금향 2kg,일반,2.0,1,33000.0,23000.0,10000,0.30303030303030304,0,16500.0
YMM251019-00000026,SMF97813435,과즙폭발 꿀당도 보장 고당도 감귤 2kg + 황금향 2kg,일반,2.0,1,33000.0,23000.0,10000,0.30303030303030304,0,16500.0
YMM251019-00000028,SMF28240458,과즙폭발 꿀당도 보장 감귤 [유라실생],소과,5.0,1,34900.0,34900.0,0,0.0,0,6980.0
YMM251019-00000029,SMF28240458,과즙폭발 꿀당도 보장 감귤 [유라실생],소과,5.0,1,34900.0,34900.0,0,0.0,0,6980.0
YMM251019-00000030,SMF28240458,과즙폭발 꿀당도 보장 감귤 [유라실생],소과,5.0,1,34900.0,34900.0,0,0.0,0,6980.0
YMM251019-00000031,SMF97813435,과즙폭발 꿀당도 보장 고당도 감귤 2kg + 황금향 2kg,일반,2.0,1,33000.0,23000.0,10000,0.30303030303030304,0,16500.0
YMM251019-00000032,SMF28240458,과즙폭발 꿀당도 보장 감귤 [유라실생],소과,5.0,1,34900.0,34900.0,0,0.0,0,6980.0
YMM251019-00000033,SMF28240458,과즙폭발 꿀당도 보장 감귤 [유라실생],소과,2.5,1,24900.0,24900.0,0,0.0,0,9960.0
YMM251019-00000034,SMF28240458,과즙폭발 꿀당도 보장 감귤 [유라실생],소과,5.0,1,34900.0,34900.0,0,0.0,0,6980.0
YMM251019-00000035,SMF28240458,과즙폭발 꿀당도 보장 감귤 [유라실생],소과,5.0,1,34900.0,34900.0,0,0.0,0,6980.0
YMM251019-00000036,SMF28240458,과즙폭발 꿀당도 보장 감귤 [유라실생],소과,5.0,2,34900.0,34900.0,0,0.0,0,13960.0
YMM251019-00000037,SMF28240458,과즙폭발 꿀당도 보장 감귤 [유라실생],소과,2.5,1,24900.0,24900.0,0,0.0,0,9960.0
YMM251019-00000038,SMF87846210,"2025 첫수확 노지감귤 가정용 3kg, 5kg",로얄과,10.0,1,35000.0,23000.0,12000,0.34285714285714286,0,3500.0
YMM251019-00000039,SMF97813435,과즙폭발 꿀당도 보장 고당도 감귤 2kg + 황금향 2kg,일반,2.0,1,33000.0,23000.0,10000,0.30303030303030304,0,16500.0
YMM251019-00000040,SMF97813435,과즙폭발 꿀당도 보장 고당도 감귤 2kg + 황금향 2kg,일반,2.0,1,33000.0,23000.0,10000,0.30303030303030304,0,16500.0
YMM251019-00000044,SMF28240458,과즙폭발 꿀당도 보장 감귤 [유라실생],소과,5.0,1,34900.0,34900.0,0,0.0,0,6980.0
YMM251019-00000045,SMF97813435,과즙폭발 꿀당도 보장 고당도 감귤 2kg + 황금향 2kg,일반,2.0,1,33000.0,23000.0,10000,0.30303030303030304,0,16500.0
YMM251019-00000046,SMF97813435,과즙폭발 꿀당도 보장 고당도 감귤 2kg + 황금향 2kg,일반,2.0,1,33000.0,23000.0,10000,0.30303030303030304,0,16500.0
YMM251019-00000047,SMF28240458,과즙폭발 꿀당도 보장 감귤 [유라실생],소과,2.5,1,24900.0,24900.0,0,0.0,0,9960.0
YMM251019-00000048,SMF28240458,과즙폭발 꿀당도 보장 감귤 [유라실생],소과,2.5,1,24900.0,24900.0,0,0.0,0,9960.0
YMM251019-00000049,SMF28240458,과즙폭발 꿀당도 보장 감귤 [유라실생],소과,2.5,1,24900.0,24900.0,0,0.0,0,9960.0
YMM251019-00000050,SMF28240458,과즙폭발 꿀당도 보장 감귤 [유라실생],소과,2.5,1,24900.0,24900.0,0,0.0,0,9960.0
YMM251019-00000051,SMF28240458,과즙폭발 꿀당도 보장 감귤 [유라실생],소과,2.5,1,24900.0,24900.0,0,0.0,0,9960.0
YMM251019-00000052,SMF28240458,과즙폭발 꿀당도 보장 감귤 [유라실생],소과,2.5,1,24900.0,24900.0,0,0.0,0,9960.0
YMM251019-00000053,SMF28240458,과즙폭발 꿀당도 보장 감귤 [유라실생],소과,5.0,1,34900.0,34900.0,0,0.0,0,6980.0
YMM251019-00000054,SMF97813435,과즙폭발 꿀당도 보장 고당도 감귤 2kg + 황금향 2kg,일반,2.0,1,33000.0,23000.0,10000,0.30303030303030304,0,16500.0
YMM251019-00000055,SMF28240458,과즙폭발 꿀당도 보장 감귤 [유라실생],소과,5.0,1,34900.0,34900.0,0,0.0,0,6980.0
YMM251019-00000056,SMF97813435,과즙폭발 꿀당도 보장 고당도 감귤 2kg + 황금향 2kg,일반,2.0,1,33000.0,23000.0,10000,0.30303030303030304,0,16500.0
YMM251019-00000057,SMF97813435,과즙폭발 꿀당도 보장 고당도 감귤 2kg + 황금향 2kg,일반,2.0,1,33000.0,23000.0,10000,0.30303030303030304,0,16500.0
YMM251019-00000058,SMF28240458,과즙폭발 꿀당도 보장 감귤 [유라실생],소과,5.0,1,34900.0,34900.0,0,0.0,0,6980.0
YMM251019-00000059,SMF28240458,과즙폭발 꿀당도 보장 감귤 [유라실생],소과,5.0,1,34900.0,34900.0,0,0.0,0,6980.0
YMM251019-00000060,SMF28240458,과즙폭발 꿀당도 보장 감귤 [유라실생],소과,2.5,1,24900.0,24900.0,0,0.0,0,9960.0
YMM251019-00000061,SMF87846210,"2025 첫수확 노지감귤 가정용 3kg, 5kg",소과,5.0,1,24000.0,13300.0,10700,0.44583333333333336,0,4800.0
YMM251019-00000062,SMF87846210,"2025 첫수확 노지감귤 가정용 3kg, 5kg",로얄과,3.0,1,17000.0,8800.0,8200,0.4823529411764706,0,5666.666666666667
YMM251019-00000063,SMF97813435,과즙폭발 꿀당도 보장 고당도 감귤 2kg + 황금향 2kg,일반,2.0,1,33000.0,23000.0,10000,0.30303030303030304,0,16500.0
YMM251019-00000064,SMF87846210,"2025 첫수확 노지감귤 가정용 3kg, 5kg",소과,3.0,1,17000.0,8800.0,8200,0.4823529411764706,0,5666.666666666667
YMM251019-00000065,SMF28240458,과즙폭발 꿀당도 보장 감귤 [유라실생],소과,5.0,1,34900.0,34900.0,0,0.0,0,6980.0
YMM251019-00000066,SMF87846210,"2025 첫수확 노지감귤 가정용 3kg, 5kg",로얄과,10.0,1,35000.0,23000.0,12000,0.34285714285714286,0,3500.0
YMM251019-00000067,SMF28240458,과즙폭발 꿀당도 보장 감귤 [유라실생],소과,5.0,1,34900.0,34900.0,0,0.0,0,6980.0
YMM251019-00000068,SMF97813435,과즙폭발 꿀당도 보장 고당도 감귤 2kg + 황금향 2kg,일반,2.0,1,33000.0,23000.0,10000,0.30303030303030304,0,16500.0
YMM251019-00000070,SMF97813435,과즙폭발 꿀당도 보장 고당도 감귤 2kg + 황금향 2kg,일반,2.0,1,33000.0,23000.0,10000,0.30303030303030304,0,16500.0
YMM251019-00000071,SMF28240458,과즙폭발 꿀당도 보장 감귤 [유라실생],소과,5.0,1,34900.0,34900.0,0,0.0,0,6980.0
YMM251019-00000073,SMF28240458,과즙폭발 꿀당도 보장 감귤 [유라실생],소과,2.5,1,24900.0,24900.0,0,0.0,0,9960.0
YMM251019-00000075,SMF28240458,과즙폭발 꿀당도 보장 감귤 [유라실생],소과,5.0,1,34900.0,34900.0,0,0.0,0,6980.0
YMM251019-00000076,SMF28240458,과즙폭발 꿀당도 보장 감귤 [유라실생],소과,2.5,1,24900.0,24900.0,0,0.0,0,9960.0
YMM251019-00000077,SMF28240458,과즙폭발 꿀당도 보장 감귤 [유라실생],소과,2.5,1,24900.0,24900.0,0,0.0,0,9960.0
YMM251019-00000078,SMF28240458,과즙폭발 꿀당도 보장 감귤 [유라실생],소과,5.0,1,34900.0,34900.0,0,0.0,0,6980.0
YMM251019-00000080,SMF28240458,과즙폭발 꿀당도 보장 감귤 [유라실생],소과,2.5,1,24900.0,24900.0,0,0.0,0,9960.0
YMM251019-00000081,SMF28240458,과즙폭발 꿀당도 보장 감귤 [유라실생],소과,5.0,1,34900.0,34900.0,0,0.0,0,6980.0
YMM251019-00000082,SMF28240458,과즙폭발 꿀당도 보장 감귤 [유라실생],소과,5.0,1,34900.0,34900.0,0,0.0,0,6980.0
YMM251019-00000083,SMF28240458,과즙폭발 꿀당도 보장 감귤 [유라실생],소과,5.0,1,34900.0,34900.0,0,0.0,0,6980.0
YMM251019-00000086,SMF28240458,과즙폭발 꿀당도 보장 감귤 [유라실생],소과,5.0,2,34900.0,34900.0,0,0.0,0,13960.0
YMM251019-00000087,SMF28240458,과즙폭발 꿀당도 보장 감귤 [유라실생],소과,2.5,1,24900.0,24900.0,0,0.0,0,9960.0
YMM251019-00000089,SMF97813435,과즙폭발 꿀당도 보장 고당도 감귤 2kg + 황금향 2kg,일반,2.0,1,33000.0,23000.0,10000,0.30303030303030304,0,16500.0
YMM251019-00000090,SMF28240458,과즙폭발 꿀당도 보장 감귤 [유라실생],소과,5.0,1,34900.0,34900.0,0,0.0,0,6980.0
YMM251019-00000091,SMF28240458,과즙폭발 꿀당도 보장 감귤 [유라실생],소과,5.0,1,34900.0,34900.0,0,0.0,0,6980.0
YMM251019-00000092,SMF87846210,"2025 첫수확 노지감귤 가정용 3kg, 5kg",소과,3.0,1,17000.0,8800.0,8200,0.4823529411764706,0,5666.666666666667
YMM251019-00000093,SMF28240458,과즙폭발 꿀당도 보장 감귤 [유라실생],소과,2.5,1,24900.0,24900.0,0,0.0,0,9960.0
YMM251019-00000094,SMF28240458,과즙폭발 꿀당도 보장 감귤 [유라실생],소과,5.0,1,34900.0,34900.0,0,0.0,0,6980.0
YMM251019-00000095,SMF28240458,과즙폭발 꿀당도 보장 감귤 [유라실생],소과,5.0,1,34900.0,34900.0,0,0.0,0,6980.0
YMM251019-00000096,SMF28240458,과즙폭발 꿀당도 보장 감귤 [유라실생],소과,5.0,1,34900.0,34900.0,0,0.0,0,6980.0
YMM251019-00000100,SMF28240458,과즙폭발 꿀당도 보장 감귤 [유라실생],소과,5.0,1,34900.0,34900.0,0,0.0,0,6980.0
YMM251019-00000102,SMF28240458,과즙폭발 꿀당도 보장 감귤 [유라실생],소과,2.5,1,24900.0,24900.0,0,0.0,0,9960.0
YMM251019-00000105,SMF28240458,과즙폭발 꿀당도 보장 감귤 [유라실생],소과,5.0,2,34900.0,34900.0,0,0.0,0,13960.0
YMM251019-00000106,SMF29718566,제주 산지직송 황금향 선물세트 가정용,중대과,2.5,1,39000.0,25000.0,14000,0.358974358974359,0,15600.0
YMM251019-00000107,SMF28240458,과즙폭발 꿀당도 보장 감귤 [유라실생],소과,2.5,1,24900.0,24900.0,0,0.0,0,9960.0
YMM251019-00000108,SMF97813435,과즙폭발 꿀당도 보장 고당도 감귤 2kg + 황금향 2kg,일반,2.0,1,33000.0,23000.0,10000,0.30303030303030304,0,16500.0
YMM251019-00000109,SMF28240458,과즙폭발 꿀당도 보장 감귤 [유라실생],소과,2.5,1,24900.0,24900.0,0,0.0,0,9960.0
YMM251019-00000110,SMF97813435,과즙폭발 꿀당도 보장 고당도 감귤 2kg + 황금향 2kg,일반,2.0,1,33000.0,23000.0,10000,0.30303030303030304,0,16500.0
YMM251019-00000111,SMF28240458,과즙폭발 꿀당도 보장 감귤 [유라실생],소과,5.0,1,34900.0,34900.0,0,0.0,0,6980.0
YMM251019-00000112,SMF28240458,과즙폭발 꿀당도 보장 감귤 [유라실생],소과,2.5,1,24900.0,24900.0,0,0.0,0,9960.0
YMM251019-00000113,SMF28240458,과즙폭발 꿀당도 보장 감귤 [유라실생],소과,2.5,1,24900.0,24900.0,0,0.0,0,9960.0
YMM251019-00000114,SMF28240458,과즙폭발 꿀당도 보장 감귤 [유라실생],소과,5.0,1,34900.0,34900.0,0,0.0,0,6980.0
YMM251019-00000115,SMF29718566,제주 산지직송 황금향 선물세트 가정용,소과,3.0,1,32000.0,15800.0,16200,0.50625,0,10666.666666666666
YMM251019-00000116,SMF28240458,과즙폭발 꿀당도 보장 감귤 [유라실생],소과,2.5,1,24900.0,24900.0,0,0.0,0,9960.0
YMM251019-00000117,SMF28240458,과즙폭발 꿀당도 보장 감귤 [유라실생],소과,2.5,1,24900.0,24900.0,0,0.0,0,9960.0
YMM251019-00000118,SMF28240458,과즙폭발 꿀당도 보장 감귤 [유라실생],소과,2.5,1,24900.0,24900.0,0,0.0,0,9960.0
YMM251019-00000119,SMF28240458,과즙폭발 꿀당도 보장 감귤 [유라실생],소과,2.5,2,29900.0,29900.0,0,0.0,0,23920.0
YMM251019-00000120,SMF28240458,과즙폭발 꿀당도 보장 감귤 [유라실생],소과,5.0,1,34900.0,34900.0,0,0.0,0,6980.0
YMM251019-00000121,SMF28240458,과즙폭발 꿀당도 보장 감귤 [유라실생],소과,2.5,1,24900.0,24900.0,0,0.0,0,9960.0
YMM251019-00000123,SMF28240458,과즙폭발 꿀당도 보장 감귤 [유라실생],소과,5.0,1,34900.0,34900.0,0,0.0,0,6980.0
YMM251019-00000124,SMF28240458,과즙폭발 꿀당도 보장 감귤 [유라실생],소과,5.0,1,34900.0,34900.0,0,0.0,0,6980.0
YMM251019-00000125,SMF28240458,과즙폭발 꿀당도 보장 감귤 [유라실생],소과,5.0,1,34900.0,34900.0,0,0.0,0,6980.0
YMM251019-00000126,SMF97813435,과즙폭발 꿀당도 보장 고당도 감귤 2kg + 황금향 2kg,일반,2.0,1,33000.0,23000.0,10000,0.30303030303030304,0,16500.0
YMM251019-00000127,SMF28240458,과즙폭발 꿀당도 보장 감귤 [유라실생],소과,2.5,1,24900.0,24900.0,0,0.0,0,9960.0
YMM251019-00000128,SMF28240458,과즙폭발 꿀당도 보장 감귤 [유라실생],소과,2.5,1,24900.0,24900.0,0,0.0,0,9960.0
YMM251019-00000129,SMF28240458,과즙폭발 꿀당도 보장 감귤 [유라실생],소과,2.5,1,24900.0,24900.0,0,0.0,0,9960.0
YMM251019-00000130,SMF28240458,과즙폭발 꿀당도 보장 감귤 [유라실생],소과,2.5,1,24900.0,24900.0,0,0.0,0,9960.0
YMM251019-00000131,SMF97813435,과즙폭발 꿀당도 보장 고당도 감귤 2kg + 황금향 2kg,일반,2.0,1,33000.0,23000.0,10000,0.30303030303030304,0,16500.0
YMM251019-00000132,SMF28240458,과즙폭발 꿀당도 보장 감귤 [유라실생],소과,5.0,1,34900.0,34900.0,0,0.0,0,6980.0
YMM251019-00000134,SMF97813435,과즙폭발 꿀당도 보장 고당도 감귤 2kg + 황금향 2kg,일반,2.0,1,33000.0,23000.0,10000,0.30303030303030304,0,16500.0
YMM251019-00000135,SMF28240458,과즙폭발 꿀당도 보장 감귤 [유라실생],소과,2.5,1,24900.0,24900.0,0,0.0,0,9960.0
YMM251019-00000136,SMF97813435,과즙폭발 꿀당도 보장 고당도 감귤 2kg + 황금향 2kg,일반,2.0,1,33000.0,23000.0,10000,0.30303030303030304,0,16500.0
YMM251019-00000137,SMF28240458,과즙폭발 꿀당도 보장 감귤 [유라실생],소과,2.5,1,24900.0,24900.0,0,0.0,0,9960.0
YMM251019-00000138,SMF97813435,과즙폭발 꿀당도 보장 고당도 감귤 2kg + 황금향 2kg,일반,2.0,1,33000.0,23000.0,10000,0.30303030303030304,0,16500.0
YMM251019-00000141,SMF28240458,과즙폭발 꿀당도 보장 감귤 [유라실생],소과,2.5,1,24900.0,24900.0,0,0.0,0,9960.0
YMM251019-00000142,SMF28240458,과즙폭발 꿀당도 보장 감귤 [유라실생],소과,5.0,1,34900.0,34900.0,0,0.0,0,6980.0
YMM251019-00000143,SMF28240458,과즙폭발 꿀당도 보장 감귤 [유라실생],소과,5.0,1,34900.0,34900.0,0,0.0,0,6980.0
YMM251019-00000145,SMF28240458,과즙폭발 꿀당도 보장 감귤 [유라실생],소과,5.0,1,34900.0,34900.0,0,0.0,0,6980.0
YMM251019-00000146,SMF97813435,과즙폭발 꿀당도 보장 고당도 감귤 2kg + 황금향 2kg,일반,2.0,1,33000.0,23000.0,10000,0.30303030303030304,0,16500.0
YMM251019-00000147,SMF28240458,과즙폭발 꿀당도 보장 감귤 [유라실생],소과,5.0,1,34900.0,34900.0,0,0.0,0,6980.0
YMM251019-00000148,SMF87846210,"2025 첫수확 노지감귤 가정용 3kg, 5kg",소과,5.0,1,24000.0,13300.0,10700,0.44583333333333336,0,4800.0
YMM251019-00000149,SMF97813435,과즙폭발 꿀당도 보장 고당도 감귤 2kg + 황금향 2kg,일반,2.0,1,33000.0,23000.0,10000,0.30303030303030304,0,16500.0
YMM251019-00000150,SMF28240458,과즙폭발 꿀당도 보장 감귤 [유라실생],소과,5.0,1,34900.0,34900.0,0,0.0,0,6980.0
YMM251019-00000151,SMF28240458,과즙폭발 꿀당도 보장 감귤 [유라실생],소과,5.0,1,34900.0,34900.0,0,0.0,0,6980.0
YMM251019-00000152,SMF28240458,과즙폭발 꿀당도 보장 감귤 [유라실생],소과,5.0,1,34900.0,34900.0,0,0.0,0,6980.0
YMM251019-00000153,SMF28240458,과즙폭발 꿀당도 보장 감귤 [유라실생],소과,5.0,1,34900.0,34900.0,0,0.0,0,6980.0
YMM251019-00000155,SMF28240458,과즙폭발 꿀당도 보장 감귤 [유라실생],소과,2.5,1,24900.0,24900.0,0,0.0,0,9960.0
YMM251019-00000156,SMF87846210,"2025 첫수확 노지감귤 가정용 3kg, 5kg",소과,3.0,1,17000.0,8800.0,8200,0.4823529411764706,0,5666.666666666667
YMM251019-00000157,SMF28240458,과즙폭발 꿀당도 보장 감귤 [유라실생],소과,2.5,1,24900.0,24900.0,0,0.0,0,9960.0
YMM251019-00000160,SMF87846210,"2025 첫수확 노지감귤 가정용 3kg, 5kg",소과,3.0,1,17000.0,8800.0,8200,0.4823529411764706,0,5666.666666666667
YMM251019-00000162,SMF28240458,과즙폭발 꿀당도 보장 감귤 [유라실생],소과,2.5,1,24900.0,24900.0,0,0.0,0,9960.0
YMM251019-00000163,SMF28240458,과즙폭발 꿀당도 보장 감귤 [유라실생],소과,5.0,1,34900.0,34900.0,0,0.0,0,6980.0
YMM251019-00000164,SMF28240458,과즙폭발 꿀당도 보장 감귤 [유라실생],소과,5.0,1,34900.0,34900.0,0,0.0,0,6980.0
YMM251019-00000165,SMF28240458,과즙폭발 꿀당도 보장 감귤 [유라실생],소과,5.0,1,34900.0,34900.0,0,0.0,0,6980.0
YMM251019-00000166,SMF28240458,과즙폭발 꿀당도 보장 감귤 [유라실생],소과,5.0,1,34900.0,34900.0,0,0.0,0,6980.0
YMM251019-00000167,SMF28240458,과즙폭발 꿀당도 보장 감귤 [유라실생],소과,5.0,1,34900.0,34900.0,0,0.0,0,6980.0
YMM251019-00000168,SMF87846210,"2025 첫수확 노지감귤 가정용 3kg, 5kg",소과,5.0,1,24000.0,13300.0,10700,0.44583333333333336,0,4800.0
YMM251019-00000169,SMF28240458,과즙폭발 꿀당도 보장 감귤 [유라실생],소과,5.0,1,34900.0,34900.0,0,0.0,0,6980.0
YMM251019-00000170,SMF97813435,과즙폭발 꿀당도 보장 고당도 감귤 2kg + 황금향 2kg,일반,2.0,1,33000.0,23000.0,10000,0.30303030303030304,0,16500.0
YMM251019-00000174,SMF28240458,과즙폭발 꿀당도 보장 감귤 [유라실생],소과,5.0,1,34900.0,34900.0,0,0.0,0,6980.0
YMM251019-00000175,SMF28240458,과즙폭발 꿀당도 보장 감귤 [유라실생],소과,5.0,1,34900.0,34900.0,0,0.0,0,6980.0
YMM251019-00000176,SMF87846210,"2025 첫수확 노지감귤 가정용 3kg, 5kg",소과,3.0,1,17000.0,8800.0,8200,0.4823529411764706,0,5666.666666666667
YMM251019-00000177,SMF28240458,과즙폭발 꿀당도 보장 감귤 [유라실생],소과,2.5,1,24900.0,24900.0,0,0.0,0,9960.0
YMM251019-00000178,SMF28240458,과즙폭발 꿀당도 보장 감귤 [유라실생],소과,2.5,1,24900.0,24900.0,0,0.0,0,9960.0
YMM251019-00000180,SMF28240458,과즙폭발 꿀당도 보장 감귤 [유라실생],소과,2.5,1,24900.0,24900.0,0,0.0,0,9960.0
YMM251019-00000181,SMF28240458,과즙폭발 꿀당도 보장 감귤 [유라실생],소과,5.0,1,34900.0,34900.0,0,0.0,0,6980.0
YMM251019-00000182,SMF28240458,과즙폭발 꿀당도 보장 감귤 [유라실생],소과,5.0,1,34900.0,34900.0,0,0.0,0,6980.0
YMM251019-00000183,SMF28240458,과즙폭발 꿀당도 보장 감귤 [유라실생],소과,2.5,1,24900.0,24900.0,0,0.0,0,9960.0
YMM251019-00000184,SMF28240458,과즙폭발 꿀당도 보장 감귤 [유라실생],소과,2.5,1,24900.0,24900.0,0,0.0,0,9960.0
YMM251019-00000185,SMF28240458,과즙폭발 꿀당도 보장 감귤 [유라실생],소과,2.5,1,24900.0,24900.0,0,0.0,0,9960.0
YMM251019-00000186,SMF28240458,과즙폭발 꿀당도 보장 감귤 [유라실생],소과,5.0,1,34900.0,34900.0,0,0.0,0,6980.0
YMM251019-00000187,SMF28240458,과즙폭발 꿀당도 보장 감귤 [유라실생],소과,5.0,1,34900.0,34900.0,0,0.0,0,6980.0
YMM251019-00000189,SMF28240458,과즙폭발 꿀당도 보장 감귤 [유라실생],소과,5.0,1,34900.0,34900.0,0,0.0,0,6980.0
YMM251019-00000190,SMF28240458,과즙폭발 꿀당도 보장 감귤 [유라실생],소과,2.5,1,24900.0,24900.0,0,0.0,0,9960.0
YMM251019-00000191,SMF28240458,과즙폭발 꿀당도 보장 감귤 [유라실생],소과,5.0,1,34900.0,34900.0,0,0.0,0,6980.0
YMM251019-00000192,SMF87846210,"2025 첫수확 노지감귤 가정용 3kg, 5kg",소과,5.0,1,24000.0,13300.0,10700,0.44583333333333336,0,4800.0
YMM251019-00000193,SMF28240458,과즙폭발 꿀당도 보장 감귤 [유라실생],소과,5.0,1,34900.0,34900.0,0,0.0,0,6980.0
YMM251019-00000196,SMF28240458,과즙폭발 꿀당도 보장 감귤 [유라실생],소과,2.5,1,24900.0,24900.0,0,0.0,0,9960.0
YMM251019-00000197,SMF87846210,"2025 첫수확 노지감귤 가정용 3kg, 5kg",소과,3.0,1,17000.0,8800.0,8200,0.4823529411764706,0,5666.666666666667
YMM251019-00000198,SMF29718566,제주 산지직송 황금향 선물세트 가정용,소과,3.0,1,32000.0,15800.0,16200,0.50625,0,10666.666666666666
YMM251019-00000199,SMF28240458,과즙폭발 꿀당도 보장 감귤 [유라실생],소과,2.5,1,24900.0,24900.0,0,0.0,0,9960.0
YMM251019-00000200,SMF28240458,과즙폭발 꿀당도 보장 감귤 [유라실생],소과,2.5,1,24900.0,24900.0,0,0.0,0,9960.0
YMM251019-00000201,SMF28240458,과즙폭발 꿀당도 보장 감귤 [유라실생],소과,2.5,1,24900.0,24900.0,0,0.0,0,9960.0
YMM251019-00000202,SMF97813435,과즙폭발 꿀당도 보장 고당도 감귤 2kg + 황금향 2kg,일반,2.0,1,33000.0,23000.0,10000,0.30303030303030304,0,16500.0
YMM251019-00000203,SMF28240458,과즙폭발 꿀당도 보장 감귤 [유라실생],소과,2.5,1,24900.0,24900.0,0,0.0,0,9960.0
YMM251019-00000204,SMF28240458,과즙폭발 꿀당도 보장 감귤 [유라실생],소과,5.0,1,34900.0,34900.0,0,0.0,0,6980.0
YMM251019-00000205,SMF28240458,과즙폭발 꿀당도 보장 감귤 [유라실생],소과,2.5,1,24900.0,24900.0,0,0.0,0,9960.0
YMM251019-00000206,SMF97813435,과즙폭발 꿀당도 보장 고당도 감귤 2kg + 황금향 2kg,일반,2.0,1,33000.0,23000.0,10000,0.30303030303030304,0,16500.0
YMM251019-00000208,SMF97813435,과즙폭발 꿀당도 보장 고당도 감귤 2kg + 황금향 2kg,일반,2.0,1,33000.0,23000.0,10000,0.30303030303030304,0,16500.0
YMM251019-00000209,SMF28240458,과즙폭발 꿀당도 보장 감귤 [유라실생],소과,2.5,1,24900.0,24900.0,0,0.0,0,9960.0
YMM251019-00000210,SMF28240458,과즙폭발 꿀당도 보장 감귤 [유라실생],소과,2.5,1,24900.0,24900.0,0,0.0,0,9960.0
YMM251019-00000211,SMF28240458,과즙폭발 꿀당도 보장 감귤 [유라실생],소과,2.5,1,24900.0,24900.0,0,0.0,0,9960.0
YMM251019-00000212,SMF28240458,과즙폭발 꿀당도 보장 감귤 [유라실생],소과,2.5,1,24900.0,24900.0,0,0.0,0,9960.0
YMM251019-00000214,SMF28240458,과즙폭발 꿀당도 보장 감귤 [유라실생],소과,2.5,1,24900.0,24900.0,0,0.0,0,9960.0
YMM251019-00000215,SMF28240458,과즙폭발 꿀당도 보장 감귤 [유라실생],소과,5.0,1,34900.0,34900.0,0,0.0,0,6980.0
YMM251019-00000217,SMF28240458,과즙폭발 꿀당도 보장 감귤 [유라실생],소과,5.0,1,34900.0,34900.0,0,0.0,0,6980.0
YMM251019-00000218,SMF28240458,과즙폭발 꿀당도 보장 감귤 [유라실생],소과,2.5,1,24900.0,24900.0,0,0.0,0,9960.0
YMM251019-00000219,SMF28240458,과즙폭발 꿀당도 보장 감귤 [유라실생],소과,2.5,1,24900.0,24900.0,0,0.0,0,9960.0
YMM251019-00000220,SMF28240458,과즙폭발 꿀당도 보장 감귤 [유라실생],소과,2.5,1,24900.0,24900.0,0,0.0,0,9960.0
YMM251019-00000221,SMF28240458,과즙폭발 꿀당도 보장 감귤 [유라실생],소과,2.5,1,24900.0,24900.0,0,0.0,0,9960.0
YMM251019-00000222,SMF28240458,과즙폭발 꿀당도 보장 감귤 [유라실생],소과,2.5,1,24900.0,24900.0,0,0.0,0,9960.0
YMM251019-00000223,SMF28240458,과즙폭발 꿀당도 보장 감귤 [유라실생],소과,2.5,1,24900.0,24900.0,0,0.0,0,9960.0
YMM251019-00000224,SMF28240458,과즙폭발 꿀당도 보장 감귤 [유라실생],소과,2.5,1,24900.0,24900.0,0,0.0,0,9960.0
YMM251019-00000225,SMF28240458,과즙폭발 꿀당도 보장 감귤 [유라실생],소과,2.5,1,24900.0,24900.0,0,0.0,0,9960.0
YMM251019-00000226,SMF28240458,과즙폭발 꿀당도 보장 감귤 [유라실생],소과,2.5,1,24900.0,24900.0,0,0.0,0,9960.0
YMM251019-00000227,SMF28240458,과즙폭발 꿀당도 보장 감귤 [유라실생],소과,2.5,1,24900.0,24900.0,0,0.0,0,9960.0
YMM251019-00000228,SMF87846210,"2025 첫수확 노지감귤 가정용 3kg, 5kg",로얄과,3.0,1,17000.0,8800.0,8200,0.4823529411764706,0,5666.666666666667
YMM251019-00000229,SMF28240458,과즙폭발 꿀당도 보장 감귤 [유라실생],소과,2.5,1,24900.0,24900.0,0,0.0,0,9960.0
YMM251019-00000230,SMF28240458,과즙폭발 꿀당도 보장 감귤 [유라실생],소과,2.5,1,24900.0,24900.0,0,0.0,0,9960.0
YMM251019-00000231,SMF28240458,과즙폭발 꿀당도 보장 감귤 [유라실생],소과,5.0,1,34900.0,34900.0,0,0.0,0,6980.0
YMM251019-00000233,SMF28240458,과즙폭발 꿀당도 보장 감귤 [유라실생],소과,2.5,1,24900.0,24900.0,0,0.0,0,9960.0
YMM251019-00000234,SMF28240458,과즙폭발 꿀당도 보장 감귤 [유라실생],소과,5.0,1,34900.0,34900.0,0,0.0,0,6980.0
YMM251019-00000235,SMF28240458,과즙폭발 꿀당도 보장 감귤 [유라실생],소과,5.0,1,34900.0,34900.0,0,0.0,0,6980.0
YMM251019-00000237,SMF97813435,과즙폭발 꿀당도 보장 고당도 감귤 2kg + 황금향 2kg,일반,2.0,1,33000.0,23000.0,10000,0.30303030303030304,0,16500.0
YMM251019-00000240,SMF28240458,과즙폭발 꿀당도 보장 감귤 [유라실생],소과,2.5,1,24900.0,24900.0,0,0.0,0,9960.0
YMM251019-00000242,SMF28240458,과즙폭발 꿀당도 보장 감귤 [유라실생],소과,5.0,1,34900.0,34900.0,0,0.0,0,6980.0
YMM251019-00000243,SMF28240458,과즙폭발 꿀당도 보장 감귤 [유라실생],소과,5.0,1,34900.0,34900.0,0,0.0,0,6980.0
YMM251019-00000244,SMF97813435,과즙폭발 꿀당도 보장 고당도 감귤 2kg + 황금향 2kg,일반,2.0,1,33000.0,23000.0,10000,0.30303030303030304,0,16500.0
YMM251019-00000245,SMF87846210,"2025 첫수확 노지감귤 가정용 3kg, 5kg",소과,3.0,1,17000.0,8800.0,8200,0.4823529411764706,0,5666.666666666667
YMM251019-00000246,SMF97813435,과즙폭발 꿀당도 보장 고당도 감귤 2kg + 황금향 2kg,일반,2.0,1,33000.0,23000.0,10000,0.30303030303030304,0,16500.0
YMM251019-00000247,SMF28240458,과즙폭발 꿀당도 보장 감귤 [유라실생],소과,2.5,1,24900.0,24900.0,0,0.0,0,9960.0
YMM251019-00000248,SMF28240458,과즙폭발 꿀당도 보장 감귤 [유라실생],소과,2.5,1,24900.0,24900.0,0,0.0,0,9960.0
YMM251019-00000249,SMF28240458,과즙폭발 꿀당도 보장 감귤 [유라실생],소과,5.0,1,34900.0,34900.0,0,0.0,0,6980.0
YMM251019-00000250,SMF28240458,과즙폭발 꿀당도 보장 감귤 [유라실생],소과,5.0,1,34900.0,34900.0,0,0.0,0,6980.0
YMM251019-00000252,SMF28240458,과즙폭발 꿀당도 보장 감귤 [유라실생],소과,2.5,1,24900.0,24900.0,0,0.0,0,9960.0
YMM251019-00000253,SMF28240458,과즙폭발 꿀당도 보장 감귤 [유라실생],소과,5.0,2,34900.0,34900.0,0,0.0,0,13960.0
YMM251019-00000254,SMF28240458,과즙폭발 꿀당도 보장 감귤 [유라실생],소과,2.5,1,24900.0,24900.0,0,0.0,0,9960.0
YMM251019-00000255,SMF28240458,과즙폭발 꿀당도 보장 감귤 [유라실생],소과,2.5,1,24900.0,24900.0,0,0.0,0,9960.0
YMM251019-00000256,SMF28240458,과즙폭발 꿀당도 보장 감귤 [유라실생],소과,2.5,1,24900.0,24900.0,0,0.0,0,9960.0
YMM251019-00000257,SMF28240458,과즙폭발 꿀당도 보장 감귤 [유라실생],소과,2.5,1,24900.0,24900.0,0,0.0,0,9960.0
YMM251019-00000258,SMF97813435,과즙폭발 꿀당도 보장 고당도 감귤 2kg + 황금향 2kg,일반,2.0,1,33000.0,23000.0,10000,0.30303030303030304,0,16500.0
YMM251019-00000259,SMF28240458,과즙폭발 꿀당도 보장 감귤 [유라실생],소과,5.0,1,34900.0,34900.0,0,0.0,0,6980.0
YMM251019-00000260,SMF28240458,과즙폭발 꿀당도 보장 감귤 [유라실생],소과,2.5,1,24900.0,24900.0,0,0.0,0,9960.0
YMM251019-00000261,SMF97813435,과즙폭발 꿀당도 보장 고당도 감귤 2kg + 황금향 2kg,일반,2.0,1,33000.0,23000.0,10000,0.30303030303030304,0,16500.0
YMM251019-00000262,SMF28240458,과즙폭발 꿀당도 보장 감귤 [유라실생],소과,2.5,1,24900.0,24900.0,0,0.0,0,9960.0
YMM251019-00000263,SMF28240458,과즙폭발 꿀당도 보장 감귤 [유라실생],소과,2.5,1,24900.0,24900.0,0,0.0,0,9960.0
YMM251019-00000264,SMF28240458,과즙폭발 꿀당도 보장 감귤 [유라실생],소과,2.5,1,24900.0,24900.0,0,0.0,0,9960.0
YMM251019-00000265,SMF28240458,과즙폭발 꿀당도 보장 감귤 [유라실생],소과,5.0,1,34900.0,34900.0,0,0.0,0,6980.0
YMM251019-00000266,SMF97813435,과즙폭발 꿀당도 보장 고당도 감귤 2kg + 황금향 2kg,일반,2.0,1,33000.0,23000.0,10000,0.30303030303030304,0,16500.0
YMM251019-00000267,SMF28240458,과즙폭발 꿀당도 보장 감귤 [유라실생],소과,2.5,1,24900.0,24900.0,0,0.0,0,9960.0
YMM251019-00000269,SMF28240458,과즙폭발 꿀당도 보장 감귤 [유라실생],소과,2.5,1,24900.0,24900.0,0,0.0,0,9960.0
YMM251019-00000270,SMF28240458,과즙폭발 꿀당도 보장 감귤 [유라실생],소과,5.0,1,34900.0,34900.0,0,0.0,0,6980.0
YMM251019-00000271,SMF28240458,과즙폭발 꿀당도 보장 감귤 [유라실생],소과,2.5,1,24900.0,24900.0,0,0.0,0,9960.0
YMM251019-00000273,SMF28240458,과즙폭발 꿀당도 보장 감귤 [유라실생],소과,2.5,1,24900.0,24900.0,0,0.0,0,9960.0
YMM251019-00000274,SMF87846210,"2025 첫수확 노지감귤 가정용 3kg, 5kg",소과,3.0,1,17000.0,8800.0,8200,0.4823529411764706,0,5666.666666666667
YMM251019-00000275,SMF28240458,과즙폭발 꿀당도 보장 감귤 [유라실생],소과,2.5,1,24900.0,24900.0,0,0.0,0,9960.0
YMM251019-00000276,SMF28240458,과즙폭발 꿀당도 보장 감귤 [유라실생],소과,2.5,1,24900.0,24900.0,0,0.0,0,9960.0
YMM251019-00000277,SMF28240458,과즙폭발 꿀당도 보장 감귤 [유라실생],소과,2.5,1,24900.0,24900.0,0,0.0,0,9960.0
YMM251019-00000278,SMF28240458,과즙폭발 꿀당도 보장 감귤 [유라실생],소과,2.5,1,24900.0,24900.0,0,0.0,0,9960.0
YMM251019-00000279,SMF28240458,과즙폭발 꿀당도 보장 감귤 [유라실생],소과,2.5,1,24900.0,24900.0,0,0.0,0,9960.0
YMM251019-00000280,SMF28240458,과즙폭발 꿀당도 보장 감귤 [유라실생],소과,2.5,1,24900.0,24900.0,0,0.0,0,9960.0
YMM251019-00000281,SMF28240458,과즙폭발 꿀당도 보장 감귤 [유라실생],소과,2.5,1,24900.0,24900.0,0,0.0,0,9960.0
YMM251019-00000282,SMF28240458,과즙폭발 꿀당도 보장 감귤 [유라실생],소과,2.5,1,24900.0,24900.0,0,0.0,0,9960.0
YMM251019-00000283,SMF28240458,과즙폭발 꿀당도 보장 감귤 [유라실생],소과,2.5,1,24900.0,24900.0,0,0.0,0,9960.0
YMM251019-00000284,SMF28240458,과즙폭발 꿀당도 보장 감귤 [유라실생],소과,2.5,1,24900.0,24900.0,0,0.0,0,9960.0
YMM251019-00000285,SMF28240458,과즙폭발 꿀당도 보장 감귤 [유라실생],소과,2.5,1,24900.0,24900.0,0,0.0,0,9960.0
YMM251019-00000286,SMF28240458,과즙폭발 꿀당도 보장 감귤 [유라실생],소과,2.5,1,24900.0,24900.0,0,0.0,0,9960.0
YMM251019-00000287,SMF28240458,과즙폭발 꿀당도 보장 감귤 [유라실생],소과,5.0,1,34900.0,34900.0,0,0.0,0,6980.0
YMM251019-00000288,SMF28240458,과즙폭발 꿀당도 보장 감귤 [유라실생],소과,5.0,1,34900.0,34900.0,0,0.0,0,6980.0
YMM251019-00000289,SMF28240458,과즙폭발 꿀당도 보장 감귤 [유라실생],소과,5.0,1,34900.0,34900.0,0,0.0,0,6980.0
YMM251019-00000290,SMF28240458,과즙폭발 꿀당도 보장 감귤 [유라실생],소과,5.0,1,34900.0,34900.0,0,0.0,0,6980.0
YMM251019-00000291,SMF28240458,과즙폭발 꿀당도 보장 감귤 [유라실생],소과,5.0,1,34900.0,34900.0,0,0.0,0,6980.0
YMM251019-00000292,SMF28240458,과즙폭발 꿀당도 보장 감귤 [유라실생],소과,5.0,1,34900.0,34900.0,0,0.0,0,6980.0
YMM251019-00000293,SMF28240458,과즙폭발 꿀당도 보장 감귤 [유라실생],소과,5.0,1,34900.0,34900.0,0,0.0,0,6980.0
YMM251019-00000294,SMF97813435,과즙폭발 꿀당도 보장 고당도 감귤 2kg + 황금향 2kg,일반,2.0,1,33000.0,23000.0,10000,0.30303030303030304,0,16500.0
YMM251019-00000295,SMF28240458,과즙폭발 꿀당도 보장 감귤 [유라실생],소과,2.5,1,24900.0,24900.0,0,0.0,0,9960.0
YMM251019-00000296,SMF28240458,과즙폭발 꿀당도 보장 감귤 [유라실생],소과,2.5,1,24900.0,24900.0,0,0.0,0,9960.0
YMM251019-00000298,SMF87846210,"2025 첫수확 노지감귤 가정용 3kg, 5kg",소과,5.0,1,24000.0,13300.0,10700,0.44583333333333336,0,4800.0
YMM251019-00000299,SMF28240458,과즙폭발 꿀당도 보장 감귤 [유라실생],소과,2.5,1,24900.0,24900.0,0,0.0,0,9960.0
YMM251019-00000300,SMF28240458,과즙폭발 꿀당도 보장 감귤 [유라실생],소과,5.0,1,34900.0,34900.0,0,0.0,0,6980.0
YMM251019-00000302,SMF28240458,과즙폭발 꿀당도 보장 감귤 [유라실생],소과,2.5,1,24900.0,24900.0,0,0.0,0,9960.0
YMM251019-00000303,SMF28240458,과즙폭발 꿀당도 보장 감귤 [유라실생],소과,2.5,1,24900.0,24900.0,0,0.0,0,9960.0
YMM251019-00000304,SMF28240458,과즙폭발 꿀당도 보장 감귤 [유라실생],소과,5.0,1,34900.0,34900.0,0,0.0,0,6980.0
YMM251019-00000305,SMF28240458,과즙폭발 꿀당도 보장 감귤 [유라실생],소과,5.0,1,34900.0,34900.0,0,0.0,0,6980.0
YMM251019-00000306,SMF28240458,과즙폭발 꿀당도 보장 감귤 [유라실생],소과,2.5,1,24900.0,24900.0,0,0.0,0,9960.0
YMM251019-00000307,SMF28240458,과즙폭발 꿀당도 보장 감귤 [유라실생],소과,5.0,1,34900.0,34900.0,0,0.0,0,6980.0
YMM251019-00000308,SMF28240458,과즙폭발 꿀당도 보장 감귤 [유라실생],소과,5.0,1,34900.0,34900.0,0,0.0,0,6980.0
YMM251019-00000310,SMF28240458,과즙폭발 꿀당도 보장 감귤 [유라실생],소과,2.5,1,24900.0,24900.0,0,0.0,0,9960.0
YMM251020-00000001,SMF87846210,"2025 첫수확 노지감귤 가정용 3kg, 5kg",소과,10.0,1,35000.0,23000.0,12000,0.34285714285714286,0,3500.0
YMM251020-00000002,SMF97813435,과즙폭발 꿀당도 보장 고당도 감귤 2kg + 황금향 2kg,일반,2.0,1,33000.0,23000.0,10000,0.30303030303030304,0,16500.0
YMM251020-00000003,SMF97813435,과즙폭발 꿀당도 보장 고당도 감귤 2kg + 황금향 2kg,일반,2.0,1,33000.0,23000.0,10000,0.30303030303030304,0,16500.0
YMM251020-00000007,SMF97813435,과즙폭발 꿀당도 보장 고당도 감귤 2kg + 황금향 2kg,일반,2.0,1,33000.0,23000.0,10000,0.30303030303030304,0,16500.0
YMM251020-00000009,SMF97813435,과즙폭발 꿀당도 보장 고당도 감귤 2kg + 황금향 2kg,일반,2.0,1,33000.0,23000.0,10000,0.30303030303030304,0,16500.0
YMM251020-00000011,SMF97813435,과즙폭발 꿀당도 보장 고당도 감귤 2kg + 황금향 2kg,일반,2.0,1,33000.0,23000.0,10000,0.30303030303030304,0,16500.0
YMM251020-00000012,SMF97813435,과즙폭발 꿀당도 보장 고당도 감귤 2kg + 황금향 2kg,일반,2.0,1,33000.0,23000.0,10000,0.30303030303030304,0,16500.0
YMM251020-00000013,SMF97813435,과즙폭발 꿀당도 보장 고당도 감귤 2kg + 황금향 2kg,일반,2.0,1,33000.0,23000.0,10000,0.30303030303030304,0,16500.0
YMM251020-00000014,SMF97813435,과즙폭발 꿀당도 보장 고당도 감귤 2kg + 황금향 2kg,일반,2.0,1,33000.0,23000.0,10000,0.30303030303030304,0,16500.0
YMM251020-00000015,SMF97813435,과즙폭발 꿀당도 보장 고당도 감귤 2kg + 황금향 2kg,일반,2.0,1,33000.0,23000.0,10000,0.30303030303030304,0,16500.0
YMM251020-00000016,SMF97813435,과즙폭발 꿀당도 보장 고당도 감귤 2kg + 황금향 2kg,일반,2.0,1,33000.0,23000.0,10000,0.30303030303030304,0,16500.0
YMM251020-00000018,SMF87846210,"2025 첫수확 노지감귤 가정용 3kg, 5kg",소과,3.0,1,17000.0,8800.0,8200,0.4823529411764706,0,5666.666666666667
YMM251020-00000020,SMF97813435,과즙폭발 꿀당도 보장 고당도 감귤 2kg + 황금향 2kg,일반,2.0,1,33000.0,23000.0,10000,0.30303030303030304,0,16500.0
YMM251020-00000021,SMF29718566,제주 산지직송 황금향 선물세트 가정용,소과,3.0,1,32000.0,15800.0,16200,0.50625,0,10666.666666666666
YMM251020-00000022,SMF97813435,과즙폭발 꿀당도 보장 고당도 감귤 2kg + 황금향 2kg,일반,2.0,1,33000.0,23000.0,10000,0.30303030303030304,0,16500.0
YMM251020-00000023,SMF97813435,과즙폭발 꿀당도 보장 고당도 감귤 2kg + 황금향 2kg,일반,2.0,1,33000.0,23000.0,10000,0.30303030303030304,0,16500.0
YMM251020-00000026,SMF97813435,과즙폭발 꿀당도 보장 고당도 감귤 2kg + 황금향 2kg,일반,2.0,1,33000.0,23000.0,10000,0.30303030303030304,0,16500.0
YMM251020-00000027,SMF87846210,"2025 첫수확 노지감귤 가정용 3kg, 5kg",로얄과,10.0,1,35000.0,23000.0,12000,0.34285714285714286,0,3500.0
YMM251020-00000028,SMF97813435,과즙폭발 꿀당도 보장 고당도 감귤 2kg + 황금향 2kg,일반,2.0,1,33000.0,23000.0,10000,0.30303030303030304,0,16500.0
YMM251020-00000029,SMF29718566,제주 산지직송 황금향 선물세트 가정용,중대과,2.5,2,39000.0,25000.0,28000,0.358974358974359,0,31200.0
YMM251020-00000030,SMF29718566,제주 산지직송 황금향 선물세트 가정용,중대과,2.5,1,39000.0,25000.0,14000,0.358974358974359,0,15600.0
YMM251020-00000031,SMF87846210,"2025 첫수확 노지감귤 가정용 3kg, 5kg",소과,3.0,2,17000.0,8800.0,16400,0.4823529411764706,0,11333.333333333334
YMM251020-00000033,SMF87846210,"2025 첫수확 노지감귤 가정용 3kg, 5kg",로얄과,10.0,1,35000.0,23000.0,12000,0.34285714285714286,0,3500.0
YMM251020-00000034,SMF97813435,과즙폭발 꿀당도 보장 고당도 감귤 2kg + 황금향 2kg,일반,2.0,1,33000.0,23000.0,10000,0.30303030303030304,0,16500.0
YMM251020-00000035,SMF97813435,과즙폭발 꿀당도 보장 고당도 감귤 2kg + 황금향 2kg,일반,2.0,1,33000.0,23000.0,10000,0.30303030303030304,0,16500.0
YMM251020-00000036,SMF87846210,"2025 첫수확 노지감귤 가정용 3kg, 5kg",소과,3.0,1,17000.0,8800.0,8200,0.4823529411764706,0,5666.666666666667
YMM251020-00000037,SMF97813435,과즙폭발 꿀당도 보장 고당도 감귤 2kg + 황금향 2kg,일반,2.0,1,33000.0,23000.0,10000,0.30303030303030304,0,16500.0
YMM251020-00000038,SMF87846210,"2025 첫수확 노지감귤 가정용 3kg, 5kg",소과,5.0,1,24000.0,13300.0,10700,0.44583333333333336,0,4800.0
YMM251020-00000040,SMF97813435,과즙폭발 꿀당도 보장 고당도 감귤 2kg + 황금향 2kg,일반,2.0,1,33000.0,23000.0,10000,0.30303030303030304,0,16500.0
YMM251020-00000041,SMF87846210,"2025 첫수확 노지감귤 가정용 3kg, 5kg",소과,5.0,1,24000.0,13300.0,10700,0.44583333333333336,0,4800.0
YMM251020-00000042,SMF97813435,과즙폭발 꿀당도 보장 고당도 감귤 2kg + 황금향 2kg,일반,2.0,1,33000.0,23000.0,10000,0.30303030303030304,0,16500.0
YMM251020-00000043,SMF97813435,과즙폭발 꿀당도 보장 고당도 감귤 2kg + 황금향 2kg,일반,2.0,1,33000.0,23000.0,10000,0.30303030303030304,0,16500.0
YMM251020-00000045,SMF29718566,제주 산지직송 황금향 선물세트 가정용,중대과,2.5,2,39000.0,25000.0,28000,0.358974358974359,0,31200.0
YMM251020-00000046,SMF29718566,제주 산지직송 황금향 선물세트 가정용,중대과,2.5,1,39000.0,25000.0,14000,0.358974358974359,0,15600.0
YMM251020-00000047,SMF97813435,과즙폭발 꿀당도 보장 고당도 감귤 2kg + 황금향 2kg,일반,2.0,1,33000.0,23000.0,10000,0.30303030303030304,0,16500.0
YMM251020-00000048,SMF28240458,과즙폭발 꿀당도 보장 감귤 [유라실생],소과,3.0,1,24900.0,24900.0,0,0.0,0,8300.0
YMM251020-00000049,SMF97813435,과즙폭발 꿀당도 보장 고당도 감귤 2kg + 황금향 2kg,일반,2.0,1,33000.0,23000.0,10000,0.30303030303030304,0,16500.0
YMM251020-00000050,SMF87846210,"2025 첫수확 노지감귤 가정용 3kg, 5kg",소과,5.0,1,24000.0,13300.0,10700,0.44583333333333336,0,4800.0
YMM251020-00000051,SMF28240458,과즙폭발 꿀당도 보장 감귤 [유라실생],소과,10.0,1,44900.0,44900.0,0,0.0,0,4490.0
YMM251020-00000052,SMF97813435,과즙폭발 꿀당도 보장 고당도 감귤 2kg + 황금향 2kg,일반,2.0,1,33000.0,23000.0,10000,0.30303030303030304,0,16500.0
YMM251020-00000053,SMF97813435,과즙폭발 꿀당도 보장 고당도 감귤 2kg + 황금향 2kg,일반,2.0,1,33000.0,23000.0,10000,0.30303030303030304,0,16500.0
YMM251020-00000054,SMF87846210,"2025 첫수확 노지감귤 가정용 3kg, 5kg",소과,3.0,1,17000.0,8800.0,8200,0.4823529411764706,0,5666.666666666667
YMM251020-00000057,SMF28240458,과즙폭발 꿀당도 보장 감귤 [유라실생],소과,10.0,1,44900.0,44900.0,0,0.0,0,4490.0
YMM251020-00000058,SMF97813435,과즙폭발 꿀당도 보장 고당도 감귤 2kg + 황금향 2kg,일반,2.0,1,33000.0,23000.0,10000,0.30303030303030304,0,16500.0
YMM251020-00000060,SMF87846210,"2025 첫수확 노지감귤 가정용 3kg, 5kg",소과,10.0,1,35000.0,23000.0,12000,0.34285714285714286,0,3500.0
YMM251020-00000061,SMF97813435,과즙폭발 꿀당도 보장 고당도 감귤 2kg + 황금향 2kg,일반,2.0,1,33000.0,23000.0,10000,0.30303030303030304,0,16500.0
YMM251020-00000064,SMF97813435,과즙폭발 꿀당도 보장 고당도 감귤 2kg + 황금향 2kg,일반,2.0,1,33000.0,23000.0,10000,0.30303030303030304,0,16500.0
YMM251020-00000065,SMF87846210,"2025 첫수확 노지감귤 가정용 3kg, 5kg",로얄과,3.0,1,17000.0,8800.0,8200,0.4823529411764706,0,5666.666666666667
YMM251020-00000066,SMF28240458,과즙폭발 꿀당도 보장 감귤 [유라실생],소과,3.0,1,24900.0,24900.0,0,0.0,0,8300.0
YMM251020-00000068,SMF28240458,과즙폭발 꿀당도 보장 감귤 [유라실생],소과,3.0,1,24900.0,24900.0,0,0.0,0,8300.0
YMM251020-00000071,SMF87846210,"2025 첫수확 노지감귤 가정용 3kg, 5kg",소과,3.0,1,17000.0,8800.0,8200,0.4823529411764706,0,5666.666666666667
YMM251020-00000072,SMF87846210,"2025 첫수확 노지감귤 가정용 3kg, 5kg",소과,3.0,1,17000.0,8800.0,8200,0.4823529411764706,0,5666.666666666667
YMM251020-00000073,SMF28240458,과즙폭발 꿀당도 보장 감귤 [유라실생],소과,3.0,3,24900.0,24900.0,0,0.0,0,24900.0
YMM251020-00000074,SMF87846210,"2025 첫수확 노지감귤 가정용 3kg, 5kg",소과,3.0,1,17000.0,8800.0,8200,0.4823529411764706,0,5666.666666666667
YMM251020-00000075,SMF28240458,과즙폭발 꿀당도 보장 감귤 [유라실생],소과,3.0,1,24900.0,24900.0,0,0.0,0,8300.0
YMM251020-00000076,SMF97813435,과즙폭발 꿀당도 보장 고당도 감귤 2kg + 황금향 2kg,일반,2.0,1,33000.0,23000.0,10000,0.30303030303030304,0,16500.0
YMM251020-00000077,SMF97813435,과즙폭발 꿀당도 보장 고당도 감귤 2kg + 황금향 2kg,일반,2.0,1,33000.0,23000.0,10000,0.30303030303030304,0,16500.0
YMM251020-00000078,SMF87846210,"2025 첫수확 노지감귤 가정용 3kg, 5kg",소과,3.0,1,17000.0,8800.0,8200,0.4823529411764706,0,5666.666666666667
YMM251020-00000079,SMF28240458,과즙폭발 꿀당도 보장 감귤 [유라실생],소과,3.0,1,24900.0,24900.0,0,0.0,0,8300.0
YMM251020-00000080,SMF87846210,"2025 첫수확 노지감귤 가정용 3kg, 5kg",소과,3.0,1,17000.0,8800.0,8200,0.4823529411764706,0,5666.666666666667
YMM251020-00000081,SMF87846210,"2025 첫수확 노지감귤 가정용 3kg, 5kg",소과,3.0,1,17000.0,8800.0,8200,0.4823529411764706,0,5666.666666666667
YMM251020-00000082,SMF87846210,"2025 첫수확 노지감귤 가정용 3kg, 5kg",소과,3.0,1,17000.0,8800.0,8200,0.4823529411764706,0,5666.666666666667
YMM251020-00000083,SMF97813435,과즙폭발 꿀당도 보장 고당도 감귤 2kg + 황금향 2kg,일반,2.0,1,33000.0,23000.0,10000,0.30303030303030304,0,16500.0
YMM251020-00000084,SMF87846210,"2025 첫수확 노지감귤 가정용 3kg, 5kg",소과,3.0,5,17000.0,8800.0,41000,0.4823529411764706,0,28333.333333333332
YMM251020-00000086,SMF87846210,"2025 첫수확 노지감귤 가정용 3kg, 5kg",소과,3.0,1,17000.0,8800.0,8200,0.4823529411764706,0,5666.666666666667
YMM251020-00000087,SMF97813435,과즙폭발 꿀당도 보장 고당도 감귤 2kg + 황금향 2kg,일반,2.0,1,33000.0,23000.0,10000,0.30303030303030304,0,16500.0
YMM251020-00000088,SMF97813435,과즙폭발 꿀당도 보장 고당도 감귤 2kg + 황금향 2kg,일반,2.0,1,33000.0,23000.0,10000,0.30303030303030304,0,16500.0
YMM251020-00000090,SMF97813435,과즙폭발 꿀당도 보장 고당도 감귤 2kg + 황금향 2kg,일반,2.0,1,33000.0,23000.0,10000,0.30303030303030304,0,16500.0
YMM251020-00000092,SMF87846210,"2025 첫수확 노지감귤 가정용 3kg, 5kg",소과,10.0,1,35000.0,23000.0,12000,0.34285714285714286,0,3500.0
YMM251020-00000093,SMF87846210,"2025 첫수확 노지감귤 가정용 3kg, 5kg",로얄과,10.0,1,35000.0,23000.0,12000,0.34285714285714286,0,3500.0
YMM251020-00000094,SMF97813435,과즙폭발 꿀당도 보장 고당도 감귤 2kg + 황금향 2kg,일반,2.0,1,33000.0,23000.0,10000,0.30303030303030304,0,16500.0
YMM251020-00000095,SMF28240458,과즙폭발 꿀당도 보장 감귤 [유라실생],소과,3.0,1,24900.0,24900.0,0,0.0,0,8300.0
YMM251020-00000096,SMF97813435,과즙폭발 꿀당도 보장 고당도 감귤 2kg + 황금향 2kg,일반,2.0,1,33000.0,23000.0,10000,0.30303030303030304,0,16500.0
YMM251020-00000097,SMF87846210,"2025 첫수확 노지감귤 가정용 3kg, 5kg",소과,3.0,1,17000.0,8800.0,8200,0.4823529411764706,0,5666.666666666667
YMM251020-00000098,SMF28240458,과즙폭발 꿀당도 보장 감귤 [유라실생],소과,3.0,1,24900.0,24900.0,0,0.0,0,8300.0
YMM251020-00000099,SMF97813435,과즙폭발 꿀당도 보장 고당도 감귤 2kg + 황금향 2kg,일반,2.0,1,33000.0,23000.0,10000,0.30303030303030304,0,16500.0
YMM251020-00000100,SMF97813435,과즙폭발 꿀당도 보장 고당도 감귤 2kg + 황금향 2kg,일반,2.0,1,33000.0,23000.0,10000,0.30303030303030304,0,16500.0
YMM251020-00000101,SMF97813435,과즙폭발 꿀당도 보장 고당도 감귤 2kg + 황금향 2kg,일반,2.0,1,33000.0,23000.0,10000,0.30303030303030304,0,16500.0
YMM251020-00000103,SMF87846210,"2025 첫수확 노지감귤 가정용 3kg, 5kg",소과,3.0,3,17000.0,8800.0,24600,0.4823529411764706,0,17000.0
YMM251020-00000104,SMF97813435,과즙폭발 꿀당도 보장 고당도 감귤 2kg + 황금향 2kg,일반,2.0,1,33000.0,23000.0,10000,0.30303030303030304,0,16500.0
YMM251020-00000105,SMF97813435,과즙폭발 꿀당도 보장 고당도 감귤 2kg + 황금향 2kg,일반,2.0,1,33000.0,23000.0,10000,0.30303030303030304,0,16500.0
YMM251020-00000109,SMF97813435,과즙폭발 꿀당도 보장 고당도 감귤 2kg + 황금향 2kg,일반,2.0,1,33000.0,23000.0,10000,0.30303030303030304,0,16500.0
YMM251020-00000110,SMF87846210,"2025 첫수확 노지감귤 가정용 3kg, 5kg",소과,3.0,1,17000.0,8800.0,8200,0.4823529411764706,0,5666.666666666667
YMM251020-00000111,SMF97813435,과즙폭발 꿀당도 보장 고당도 감귤 2kg + 황금향 2kg,일반,2.0,1,33000.0,23000.0,10000,0.30303030303030304,0,16500.0
YMM251020-00000112,SMF97813435,과즙폭발 꿀당도 보장 고당도 감귤 2kg + 황금향 2kg,일반,2.0,1,33000.0,23000.0,10000,0.30303030303030304,0,16500.0
YMM251020-00000114,SMF97813435,과즙폭발 꿀당도 보장 고당도 감귤 2kg + 황금향 2kg,일반,2.0,1,33000.0,23000.0,10000,0.30303030303030304,0,16500.0
YMM251020-00000116,SMF28240458,과즙폭발 꿀당도 보장 감귤 [유라실생],소과,10.0,1,44900.0,44900.0,0,0.0,0,4490.0
YMM251020-00000117,SMF29718566,제주 산지직송 황금향 선물세트 가정용,소과,3.0,1,32000.0,15800.0,16200,0.50625,0,10666.666666666666
YMM251020-00000118,SMF97813435,과즙폭발 꿀당도 보장 고당도 감귤 2kg + 황금향 2kg,일반,2.0,1,33000.0,23000.0,10000,0.30303030303030304,0,16500.0
YMM251020-00000119,SMF87846210,"2025 첫수확 노지감귤 가정용 3kg, 5kg",로얄과,3.0,1,17000.0,8800.0,8200,0.4823529411764706,0,5666.666666666667
YMM251020-00000122,SMF97813435,과즙폭발 꿀당도 보장 고당도 감귤 2kg + 황금향 2kg,일반,2.0,1,33000.0,23000.0,10000,0.30303030303030304,0,16500.0
YMM251020-00000123,SMF28240458,과즙폭발 꿀당도 보장 감귤 [유라실생],소과,5.0,1,34900.0,34900.0,0,0.0,0,6980.0
YMM251020-00000124,SMF87846210,"2025 첫수확 노지감귤 가정용 3kg, 5kg",소과,5.0,1,24000.0,13300.0,10700,0.44583333333333336,0,4800.0
YMM251020-00000125,SMF97813435,과즙폭발 꿀당도 보장 고당도 감귤 2kg + 황금향 2kg,일반,2.0,1,33000.0,23000.0,10000,0.30303030303030304,0,16500.0
YMM251020-00000127,SMF87846210,"2025 첫수확 노지감귤 가정용 3kg, 5kg",로얄과,3.0,1,17000.0,8800.0,8200,0.4823529411764706,0,5666.666666666667
YMM251020-00000128,SMF97813435,과즙폭발 꿀당도 보장 고당도 감귤 2kg + 황금향 2kg,일반,2.0,1,33000.0,23000.0,10000,0.30303030303030304,0,16500.0
YMM251020-00000129,SMF87846210,"2025 첫수확 노지감귤 가정용 3kg, 5kg",로얄과,10.0,1,35000.0,23000.0,12000,0.34285714285714286,0,3500.0
YMM251020-00000130,SMF87846210,"2025 첫수확 노지감귤 가정용 3kg, 5kg",소과,3.0,1,17000.0,8800.0,8200,0.4823529411764706,0,5666.666666666667
YMM251020-00000131,SMF87846210,"2025 첫수확 노지감귤 가정용 3kg, 5kg",로얄과,5.0,1,24000.0,13300.0,10700,0.44583333333333336,0,4800.0
YMM251020-00000132,SMF87846210,"2025 첫수확 노지감귤 가정용 3kg, 5kg",로얄과,5.0,1,24000.0,13300.0,10700,0.44583333333333336,0,4800.0
YMM251020-00000133,SMF87846210,"2025 첫수확 노지감귤 가정용 3kg, 5kg",로얄과,5.0,1,24000.0,13300.0,10700,0.44583333333333336,0,4800.0
YMM251020-00000134,SMF87846210,"2025 첫수확 노지감귤 가정용 3kg, 5kg",로얄과,5.0,1,24000.0,13300.0,10700,0.44583333333333336,0,4800.0
YMM251020-00000135,SMF87846210,"2025 첫수확 노지감귤 가정용 3kg, 5kg",로얄과,5.0,1,24000.0,13300.0,10700,0.44583333333333336,0,4800.0
YMM251020-00000136,SMF87846210,"2025 첫수확 노지감귤 가정용 3kg, 5kg",로얄과,5.0,1,24000.0,13300.0,10700,0.44583333333333336,0,4800.0
YMM251020-00000137,SMF28240458,과즙폭발 꿀당도 보장 감귤 [유라실생],소과,5.0,1,34900.0,34900.0,0,0.0,0,6980.0
YMM251020-00000138,SMF97813435,과즙폭발 꿀당도 보장 고당도 감귤 2kg + 황금향 2kg,일반,2.0,1,33000.0,23000.0,10000,0.30303030303030304,0,16500.0
YMM251020-00000139,SMF97813435,과즙폭발 꿀당도 보장 고당도 감귤 2kg + 황금향 2kg,일반,2.0,1,33000.0,23000.0,10000,0.30303030303030304,0,16500.0
YMM251020-00000140,SMF97813435,과즙폭발 꿀당도 보장 고당도 감귤 2kg + 황금향 2kg,일반,2.0,1,33000.0,23000.0,10000,0.30303030303030304,0,16500.0
YMM251020-00000141,SMF97813435,과즙폭발 꿀당도 보장 고당도 감귤 2kg + 황금향 2kg,일반,2.0,2,33000.0,23000.0,20000,0.30303030303030304,0,33000.0
YMM251020-00000143,SMF97813435,과즙폭발 꿀당도 보장 고당도 감귤 2kg + 황금향 2kg,일반,2.0,1,33000.0,23000.0,10000,0.30303030303030304,0,16500.0
YMM251020-00000145,SMF97813435,과즙폭발 꿀당도 보장 고당도 감귤 2kg + 황금향 2kg,일반,2.0,1,33000.0,23000.0,10000,0.30303030303030304,0,16500.0
YMM251020-00000147,SMF97813435,과즙폭발 꿀당도 보장 고당도 감귤 2kg + 황금향 2kg,일반,2.0,1,33000.0,23000.0,10000,0.30303030303030304,0,16500.0
YMM251020-00000148,SMF97813435,과즙폭발 꿀당도 보장 고당도 감귤 2kg + 황금향 2kg,일반,2.0,1,33000.0,23000.0,10000,0.30303030303030304,0,16500.0
YMM251020-00000149,SMF87846210,"2025 첫수확 노지감귤 가정용 3kg, 5kg",소과,5.0,1,24000.0,13300.0,10700,0.44583333333333336,0,4800.0
YMM251021-00000001,SMF97813435,과즙폭발 꿀당도 보장 고당도 감귤 2kg + 황금향 2kg,일반,2.0,1,33000.0,23000.0,10000,0.30303030303030304,0,16500.0
YMM251021-00000002,SMF97813435,과즙폭발 꿀당도 보장 고당도 감귤 2kg + 황금향 2kg,일반,2.0,1,33000.0,23000.0,10000,0.30303030303030304,0,16500.0
YMM251021-00000003,SMF97813435,과즙폭발 꿀당도 보장 고당도 감귤 2kg + 황금향 2kg,일반,2.0,1,33000.0,23000.0,10000,0.30303030303030304,0,16500.0
YMM251021-00000004,SMF97813435,과즙폭발 꿀당도 보장 고당도 감귤 2kg + 황금향 2kg,일반,2.0,1,33000.0,23000.0,10000,0.30303030303030304,0,16500.0
YMM251021-00000005,SMF97813435,과즙폭발 꿀당도 보장 고당도 감귤 2kg + 황금향 2kg,일반,2.0,1,33000.0,23000.0,10000,0.30303030303030304,0,16500.0
YMM251021-00000006,SMF97813435,과즙폭발 꿀당도 보장 고당도 감귤 2kg + 황금향 2kg,일반,2.0,1,33000.0,23000.0,10000,0.30303030303030304,0,16500.0
YMM251021-00000008,SMF97813435,과즙폭발 꿀당도 보장 고당도 감귤 2kg + 황금향 2kg,일반,2.0,1,33000.0,23000.0,10000,0.30303030303030304,0,16500.0
YMM251021-00000009,SMF97813435,과즙폭발 꿀당도 보장 고당도 감귤 2kg + 황금향 2kg,일반,2.0,1,33000.0,23000.0,10000,0.30303030303030304,0,16500.0
YMM251021-00000010,SMF97813435,과즙폭발 꿀당도 보장 고당도 감귤 2kg + 황금향 2kg,일반,2.0,1,33000.0,23000.0,10000,0.30303030303030304,0,16500.0
YMM251021-00000011,SMF28240458,과즙폭발 꿀당도 보장 감귤 [유라실생],소과,3.0,1,24900.0,24900.0,0,0.0,0,8300.0
YMM251021-00000013,SMF97813435,과즙폭발 꿀당도 보장 고당도 감귤 2kg + 황금향 2kg,일반,2.0,1,33000.0,23000.0,10000,0.30303030303030304,0,16500.0
YMM251021-00000015,SMF87846210,"2025 첫수확 노지감귤 가정용 3kg, 5kg",로얄과,5.0,1,24000.0,13300.0,10700,0.44583333333333336,0,4800.0
YMM251021-00000016,SMF28240458,과즙폭발 꿀당도 보장 감귤 [유라실생],소과,3.0,1,24900.0,24900.0,0,0.0,0,8300.0
YMM251021-00000017,SMF97813435,과즙폭발 꿀당도 보장 고당도 감귤 2kg + 황금향 2kg,일반,2.0,1,33000.0,23000.0,10000,0.30303030303030304,0,16500.0
YMM251021-00000018,SMF97813435,과즙폭발 꿀당도 보장 고당도 감귤 2kg + 황금향 2kg,일반,2.0,1,33000.0,23000.0,10000,0.30303030303030304,0,16500.0
YMM251021-00000019,SMF28240458,과즙폭발 꿀당도 보장 감귤 [유라실생],소과,3.0,1,24900.0,24900.0,0,0.0,0,8300.0
YMM251021-00000020,SMF87846210,"2025 첫수확 노지감귤 가정용 3kg, 5kg",로얄과,3.0,1,17000.0,8800.0,8200,0.4823529411764706,0,5666.666666666667
YMM251021-00000021,SMF97813435,과즙폭발 꿀당도 보장 고당도 감귤 2kg + 황금향 2kg,일반,2.0,1,33000.0,23000.0,10000,0.30303030303030304,0,16500.0
YMM251021-00000022,SMF28240458,과즙폭발 꿀당도 보장 감귤 [유라실생],소과,10.0,1,44900.0,44900.0,0,0.0,0,4490.0
YMM251021-00000023,SMF28240458,과즙폭발 꿀당도 보장 감귤 [유라실생],소과,3.0,1,24900.0,24900.0,0,0.0,0,8300.0
YMM251021-00000024,SMF28240458,과즙폭발 꿀당도 보장 감귤 [유라실생],소과,3.0,1,24900.0,24900.0,0,0.0,0,8300.0
YMM251021-00000025,SMF87846210,"2025 첫수확 노지감귤 가정용 3kg, 5kg",소과,5.0,1,24000.0,13300.0,10700,0.44583333333333336,0,4800.0
YMM251021-00000029,SMF97813435,과즙폭발 꿀당도 보장 고당도 감귤 2kg + 황금향 2kg,일반,2.0,1,33000.0,23000.0,10000,0.30303030303030304,0,16500.0
YMM251021-00000037,SMF97813435,과즙폭발 꿀당도 보장 고당도 감귤 2kg + 황금향 2kg,일반,2.0,1,33000.0,23000.0,10000,0.30303030303030304,0,16500.0
YMM251021-00000038,SMF87846210,"2025 첫수확 노지감귤 가정용 3kg, 5kg",로얄과,10.0,1,35000.0,23000.0,12000,0.34285714285714286,0,3500.0
YMM251021-00000039,SMF28240458,과즙폭발 꿀당도 보장 감귤 [유라실생],소과,5.0,1,34900.0,34900.0,0,0.0,0,6980.0
YMM251021-00000042,SMF28240458,과즙폭발 꿀당도 보장 감귤 [유라실생],소과,5.0,1,34900.0,34900.0,0,0.0,0,6980.0
YMM251021-00000043,SMF97813435,과즙폭발 꿀당도 보장 고당도 감귤 2kg + 황금향 2kg,일반,2.0,1,33000.0,23000.0,10000,0.30303030303030304,0,16500.0
YMM251021-00000044,SMF28240458,과즙폭발 꿀당도 보장 감귤 [유라실생],소과,3.0,1,24900.0,24900.0,0,0.0,0,8300.0
YMM251021-00000045,SMF87846210,"2025 첫수확 노지감귤 가정용 3kg, 5kg",로얄과,5.0,1,24000.0,13300.0,10700,0.44583333333333336,0,4800.0
YMM251021-00000046,SMF28240458,과즙폭발 꿀당도 보장 감귤 [유라실생],소과,3.0,1,24900.0,24900.0,0,0.0,0,8300.0
YMM251021-00000047,SMF87846210,"2025 첫수확 노지감귤 가정용 3kg, 5kg",소과,5.0,1,24000.0,13300.0,10700,0.44583333333333336,0,4800.0
YMM251021-00000048,SMF97813435,과즙폭발 꿀당도 보장 고당도 감귤 2kg + 황금향 2kg,일반,2.0,2,33000.0,23000.0,20000,0.30303030303030304,0,33000.0
YMM251021-00000051,SMF87846210,"2025 첫수확 노지감귤 가정용 3kg, 5kg",로얄과,10.0,1,35000.0,23000.0,12000,0.34285714285714286,0,3500.0
YMM251021-00000052,SMF97813435,과즙폭발 꿀당도 보장 고당도 감귤 2kg + 황금향 2kg,일반,2.0,1,33000.0,23000.0,10000,0.30303030303030304,0,16500.0
YMM251021-00000053,SMF87846210,"2025 첫수확 노지감귤 가정용 3kg, 5kg",소과,3.0,1,17000.0,8800.0,8200,0.4823529411764706,0,5666.666666666667
YMM251021-00000055,SMF87846210,"2025 첫수확 노지감귤 가정용 3kg, 5kg",로얄과,5.0,1,24000.0,13300.0,10700,0.44583333333333336,0,4800.0
YMM251021-00000058,SMF28240458,과즙폭발 꿀당도 보장 감귤 [유라실생],소과,3.0,5,24900.0,24900.0,0,0.0,0,41500.0
YMM251021-00000060,SMF87846210,"2025 첫수확 노지감귤 가정용 3kg, 5kg",로얄과,3.0,1,17000.0,8800.0,8200,0.4823529411764706,0,5666.666666666667
YMM251021-00000061,SMF28240458,과즙폭발 꿀당도 보장 감귤 [유라실생],소과,5.0,1,34900.0,34900.0,0,0.0,0,6980.0
YMM251021-00000062,SMF28240458,과즙폭발 꿀당도 보장 감귤 [유라실생],소과,3.0,1,24900.0,24900.0,0,0.0,0,8300.0
YMM251021-00000063,SMF28240458,과즙폭발 꿀당도 보장 감귤 [유라실생],소과,3.0,1,24900.0,24900.0,0,0.0,0,8300.0
YMM251021-00000065,SMF87846210,"2025 첫수확 노지감귤 가정용 3kg, 5kg",로얄과,10.0,1,35000.0,23000.0,12000,0.34285714285714286,0,3500.0
YMM251021-00000067,SMF28240458,과즙폭발 꿀당도 보장 감귤 [유라실생],소과,10.0,1,44900.0,44900.0,0,0.0,0,4490.0
YMM251021-00000068,SMF28240458,과즙폭발 꿀당도 보장 감귤 [유라실생],소과,3.0,1,24900.0,24900.0,0,0.0,0,8300.0
YMM251021-00000070,SMF28240458,과즙폭발 꿀당도 보장 감귤 [유라실생],소과,3.0,1,24900.0,24900.0,0,0.0,0,8300.0
YMM251021-00000071,SMF87846210,"2025 첫수확 노지감귤 가정용 3kg, 5kg",소과,5.0,1,24000.0,13300.0,10700,0.44583333333333336,0,4800.0
YMM251021-00000072,SMF87846210,"2025 첫수확 노지감귤 가정용 3kg, 5kg",소과,3.0,1,17000.0,8800.0,8200,0.4823529411764706,0,5666.666666666667
YMM251021-00000073,SMF97813435,과즙폭발 꿀당도 보장 고당도 감귤 2kg + 황금향 2kg,일반,2.0,1,33000.0,23000.0,10000,0.30303030303030304,0,16500.0
YMM251021-00000076,SMF28240458,과즙폭발 꿀당도 보장 감귤 [유라실생],소과,5.0,1,34900.0,34900.0,0,0.0,0,6980.0
YMM251021-00000077,SMF87846210,"2025 첫수확 노지감귤 가정용 3kg, 5kg",소과,5.0,1,24000.0,13300.0,10700,0.44583333333333336,0,4800.0
YMM251021-00000078,SMF97813435,과즙폭발 꿀당도 보장 고당도 감귤 2kg + 황금향 2kg,일반,2.0,1,33000.0,23000.0,10000,0.30303030303030304,0,16500.0
YMM251021-00000079,SMF87846210,"2025 첫수확 노지감귤 가정용 3kg, 5kg",로얄과,10.0,1,35000.0,23000.0,12000,0.34285714285714286,0,3500.0
YMM251021-00000080,SMF28240458,과즙폭발 꿀당도 보장 감귤 [유라실생],소과,5.0,1,34900.0,34900.0,0,0.0,0,6980.0
YMM251021-00000081,SMF28240458,과즙폭발 꿀당도 보장 감귤 [유라실생],소과,5.0,1,34900.0,34900.0,0,0.0,0,6980.0
YMM251021-00000082,SMF97813435,과즙폭발 꿀당도 보장 고당도 감귤 2kg + 황금향 2kg,일반,2.0,1,33000.0,23000.0,10000,0.30303030303030304,0,16500.0
YMM251021-00000083,SMF87846210,"2025 첫수확 노지감귤 가정용 3kg, 5kg",로얄과,3.0,1,17000.0,8800.0,8200,0.4823529411764706,0,5666.666666666667
YMM251021-00000084,SMF28240458,과즙폭발 꿀당도 보장 감귤 [유라실생],소과,10.0,1,44900.0,44900.0,0,0.0,0,4490.0
YMM251021-00000085,SMF28240458,과즙폭발 꿀당도 보장 감귤 [유라실생],소과,10.0,1,44900.0,44900.0,0,0.0,0,4490.0
YMM251021-00000087,SMF97813435,과즙폭발 꿀당도 보장 고당도 감귤 2kg + 황금향 2kg,일반,2.0,1,33000.0,23000.0,10000,0.30303030303030304,0,16500.0
YMM251021-00000088,SMF97813435,과즙폭발 꿀당도 보장 고당도 감귤 2kg + 황금향 2kg,일반,2.0,1,33000.0,23000.0,10000,0.30303030303030304,0,16500.0
YMM251021-00000089,SMF28240458,과즙폭발 꿀당도 보장 감귤 [유라실생],소과,5.0,1,34900.0,34900.0,0,0.0,0,6980.0
YMM251021-00000091,SMF28240458,과즙폭발 꿀당도 보장 감귤 [유라실생],소과,3.0,1,24900.0,24900.0,0,0.0,0,8300.0
YMM251021-00000093,SMF28240458,과즙폭발 꿀당도 보장 감귤 [유라실생],소과,10.0,1,44900.0,44900.0,0,0.0,0,4490.0
YMM251021-00000094,SMF28240458,과즙폭발 꿀당도 보장 감귤 [유라실생],소과,3.0,1,24900.0,24900.0,0,0.0,0,8300.0
YMM251021-00000096,SMF28240458,과즙폭발 꿀당도 보장 감귤 [유라실생],소과,5.0,1,34900.0,34900.0,0,0.0,0,6980.0
YMM251021-00000097,SMF28240458,과즙폭발 꿀당도 보장 감귤 [유라실생],소과,3.0,1,24900.0,24900.0,0,0.0,0,8300.0
YMM251021-00000098,SMF87846210,"2025 첫수확 노지감귤 가정용 3kg, 5kg",소과,3.0,2,17000.0,8800.0,16400,0.4823529411764706,0,11333.333333333334
YMM251021-00000099,SMF28240458,과즙폭발 꿀당도 보장 감귤 [유라실생],소과,3.0,1,24900.0,24900.0,0,0.0,0,8300.0
YMM251021-00000100,SMF28240458,과즙폭발 꿀당도 보장 감귤 [유라실생],소과,3.0,1,24900.0,24900.0,0,0.0,0,8300.0
YMM251021-00000101,SMF28240458,과즙폭발 꿀당도 보장 감귤 [유라실생],소과,3.0,1,24900.0,24900.0,0,0.0,0,8300.0
YMM251021-00000102,SMF87846210,"2025 첫수확 노지감귤 가정용 3kg, 5kg",로얄과,3.0,1,17000.0,8800.0,8200,0.4823529411764706,0,5666.666666666667
YMM251021-00000103,SMF28240458,과즙폭발 꿀당도 보장 감귤 [유라실생],소과,3.0,1,24900.0,24900.0,0,0.0,0,8300.0
YMM251021-00000104,SMF28240458,과즙폭발 꿀당도 보장 감귤 [유라실생],소과,3.0,1,24900.0,24900.0,0,0.0,0,8300.0
YMM251021-00000105,SMF28240458,과즙폭발 꿀당도 보장 감귤 [유라실생],소과,10.0,1,44900.0,44900.0,0,0.0,0,4490.0
YMM251021-00000106,SMF87846210,"2025 첫수확 노지감귤 가정용 3kg, 5kg",로얄과,3.0,3,21666.666666666668,11800.0,29600,0.4553846153846154,0,21666.666666666668
YMM251021-00000107,SMF87846210,"2025 첫수확 노지감귤 가정용 3kg, 5kg",소과,3.0,1,17000.0,8800.0,8200,0.4823529411764706,0,5666.666666666667
YMM251021-00000108,SMF87846210,"2025 첫수확 노지감귤 가정용 3kg, 5kg",소과,5.0,1,24000.0,13300.0,10700,0.44583333333333336,0,4800.0
YMM251021-00000109,SMF28240458,과즙폭발 꿀당도 보장 감귤 [유라실생],소과,5.0,1,34900.0,34900.0,0,0.0,0,6980.0
YMM251021-00000110,SMF87846210,"2025 첫수확 노지감귤 가정용 3kg, 5kg",소과,3.0,1,17000.0,8800.0,8200,0.4823529411764706,0,5666.666666666667
YMM251021-00000112,SMF28240458,과즙폭발 꿀당도 보장 감귤 [유라실생],소과,3.0,1,24900.0,24900.0,0,0.0,0,8300.0
YMM251021-00000114,SMF97813435,과즙폭발 꿀당도 보장 고당도 감귤 2kg + 황금향 2kg,일반,2.0,1,33000.0,23000.0,10000,0.30303030303030304,0,16500.0
YMM251021-00000115,SMF29718566,제주 산지직송 황금향 선물세트 가정용,중대과,2.5,2,39000.0,25000.0,28000,0.358974358974359,0,31200.0
YMM251021-00000116,SMF29718566,제주 산지직송 황금향 선물세트 가정용,중대과,2.5,1,39000.0,25000.0,14000,0.358974358974359,0,15600.0
YMM251021-00000117,SMF29718566,제주 산지직송 황금향 선물세트 가정용,중대과,2.5,1,39000.0,25000.0,14000,0.358974358974359,0,15600.0
YMM251021-00000118,SMF29718566,제주 산지직송 황금향 선물세트 가정용,중대과,2.5,1,39000.0,25000.0,14000,0.358974358974359,0,15600.0
YMM251021-00000119,SMF87846210,"2025 첫수확 노지감귤 가정용 3kg, 5kg",소과,5.0,1,24000.0,13300.0,10700,0.44583333333333336,0,4800.0
YMM251021-00000121,SMF29718566,제주 산지직송 황금향 선물세트 가정용,중대과,2.5,1,39000.0,25000.0,14000,0.358974358974359,0,15600.0
YMM251021-00000122,SMF97813435,과즙폭발 꿀당도 보장 고당도 감귤 2kg + 황금향 2kg,일반,2.0,1,33000.0,23000.0,10000,0.30303030303030304,0,16500.0
YMM251021-00000123,SMF97813435,과즙폭발 꿀당도 보장 고당도 감귤 2kg + 황금향 2kg,일반,2.0,1,33000.0,23000.0,10000,0.30303030303030304,0,16500.0
YMM251021-00000124,SMF97813435,과즙폭발 꿀당도 보장 고당도 감귤 2kg + 황금향 2kg,일반,2.0,1,33000.0,23000.0,10000,0.30303030303030304,0,16500.0
YMM251021-00000125,SMF28240458,과즙폭발 꿀당도 보장 감귤 [유라실생],소과,3.0,1,24900.0,24900.0,0,0.0,0,8300.0
YMM251021-00000127,SMF87846210,"2025 첫수확 노지감귤 가정용 3kg, 5kg",소과,5.0,1,24000.0,13300.0,10700,0.44583333333333336,0,4800.0
YMM251021-00000129,SMF97813435,과즙폭발 꿀당도 보장 고당도 감귤 2kg + 황금향 2kg,일반,2.0,1,33000.0,23000.0,10000,0.30303030303030304,0,16500.0
YMM251021-00000130,SMF28240458,과즙폭발 꿀당도 보장 감귤 [유라실생],소과,3.0,1,24900.0,24900.0,0,0.0,0,8300.0
YMM251021-00000131,SMF28240458,과즙폭발 꿀당도 보장 감귤 [유라실생],소과,3.0,1,24900.0,24900.0,0,0.0,0,8300.0
YMM251021-00000132,SMF87846210,"2025 첫수확 노지감귤 가정용 3kg, 5kg",로얄과,10.0,2,35000.0,23000.0,24000,0.34285714285714286,0,7000.0
YMM251021-00000133,SMF87846210,"2025 첫수확 노지감귤 가정용 3kg, 5kg",소과,5.0,1,24000.0,13300.0,10700,0.44583333333333336,0,4800.0
YMM251021-00000135,SMF28240458,과즙폭발 꿀당도 보장 감귤 [유라실생],소과,3.0,1,24900.0,24900.0,0,0.0,0,8300.0
YMM251021-00000136,SMF28240458,과즙폭발 꿀당도 보장 감귤 [유라실생],소과,3.0,1,24900.0,24900.0,0,0.0,0,8300.0
YMM251021-00000137,SMF87846210,"2025 첫수확 노지감귤 가정용 3kg, 5kg",로얄과,5.0,1,24000.0,13300.0,10700,0.44583333333333336,0,4800.0
YMM251021-00000138,SMF87846210,"2025 첫수확 노지감귤 가정용 3kg, 5kg",소과,5.0,1,24000.0,13300.0,10700,0.44583333333333336,0,4800.0
YMM251021-00000139,SMF87846210,"2025 첫수확 노지감귤 가정용 3kg, 5kg",소과,3.0,1,17000.0,8800.0,8200,0.4823529411764706,0,5666.666666666667
YMM251021-00000141,SMF28240458,과즙폭발 꿀당도 보장 감귤 [유라실생],소과,3.0,1,24900.0,24900.0,0,0.0,0,8300.0
YMM251021-00000142,SMF28240458,과즙폭발 꿀당도 보장 감귤 [유라실생],소과,3.0,1,24900.0,24900.0,0,0.0,0,8300.0
YMM251021-00000143,SMF28240458,과즙폭발 꿀당도 보장 감귤 [유라실생],소과,3.0,1,24900.0,24900.0,0,0.0,0,8300.0
YMM251021-00000144,SMF28240458,과즙폭발 꿀당도 보장 감귤 [유라실생],소과,3.0,1,24900.0,24900.0,0,0.0,0,8300.0
YMM251021-00000145,SMF97813435,과즙폭발 꿀당도 보장 고당도 감귤 2kg + 황금향 2kg,일반,2.0,1,33000.0,23000.0,10000,0.30303030303030304,0,16500.0
YMM251021-00000146,SMF28240458,과즙폭발 꿀당도 보장 감귤 [유라실생],소과,3.0,1,24900.0,24900.0,0,0.0,0,8300.0
YMM251021-00000147,SMF28240458,과즙폭발 꿀당도 보장 감귤 [유라실생],소과,3.0,1,24900.0,24900.0,0,0.0,0,8300.0
YMM251021-00000148,SMF28240458,과즙폭발 꿀당도 보장 감귤 [유라실생],소과,3.0,1,24900.0,24900.0,0,0.0,0,8300.0
YMM251021-00000149,SMF28240458,과즙폭발 꿀당도 보장 감귤 [유라실생],소과,3.0,1,24900.0,24900.0,0,0.0,0,8300.0
YMM251021-00000150,SMF28240458,과즙폭발 꿀당도 보장 감귤 [유라실생],소과,3.0,1,24900.0,24900.0,0,0.0,0,8300.0
YMM251021-00000152,SMF87846210,"2025 첫수확 노지감귤 가정용 3kg, 5kg",소과,5.0,1,24000.0,13300.0,10700,0.44583333333333336,0,4800.0
YMM251021-00000153,SMF28240458,과즙폭발 꿀당도 보장 감귤 [유라실생],소과,3.0,1,24900.0,24900.0,0,0.0,0,8300.0
YMM251021-00000154,SMF97813435,과즙폭발 꿀당도 보장 고당도 감귤 2kg + 황금향 2kg,일반,2.0,1,33000.0,23000.0,10000,0.30303030303030304,0,16500.0
YMM251022-00000001,SMF97813435,과즙폭발 꿀당도 보장 고당도 감귤 2kg + 황금향 2kg,일반,2.0,1,33000.0,23000.0,10000,0.30303030303030304,0,16500.0
YMM251022-00000002,SMF28240458,과즙폭발 꿀당도 보장 감귤 [유라실생],소과,5.0,1,34900.0,34900.0,0,0.0,0,6980.0
YMM251022-00000005,SMF97813435,과즙폭발 꿀당도 보장 고당도 감귤 2kg + 황금향 2kg,일반,2.0,2,33000.0,23000.0,20000,0.30303030303030304,0,33000.0
YMM251022-00000006,SMF28240458,과즙폭발 꿀당도 보장 감귤 [유라실생],소과,5.0,1,34900.0,34900.0,0,0.0,0,6980.0
YMM251022-00000007,SMF28240458,과즙폭발 꿀당도 보장 감귤 [유라실생],소과,10.0,1,44900.0,44900.0,0,0.0,0,4490.0
YMM251022-00000008,SMF97813435,과즙폭발 꿀당도 보장 고당도 감귤 2kg + 황금향 2kg,일반,2.0,1,33000.0,23000.0,10000,0.30303030303030304,0,16500.0
YMM251022-00000009,SMF97813435,과즙폭발 꿀당도 보장 고당도 감귤 2kg + 황금향 2kg,일반,2.0,1,33000.0,23000.0,10000,0.30303030303030304,0,16500.0
YMM251022-00000010,SMF28240458,과즙폭발 꿀당도 보장 감귤 [유라실생],소과,3.0,1,24900.0,24900.0,0,0.0,0,8300.0
YMM251022-00000011,SMF87846210,"2025 첫수확 노지감귤 가정용 3kg, 5kg",로얄과,3.0,1,17000.0,8800.0,8200,0.4823529411764706,0,5666.666666666667
YMM251022-00000012,SMF97813435,과즙폭발 꿀당도 보장 고당도 감귤 2kg + 황금향 2kg,일반,2.0,1,33000.0,23000.0,10000,0.30303030303030304,0,16500.0
YMM251022-00000013,SMF97813435,과즙폭발 꿀당도 보장 고당도 감귤 2kg + 황금향 2kg,일반,2.0,1,33000.0,23000.0,10000,0.30303030303030304,0,16500.0
YMM251022-00000014,SMF97813435,과즙폭발 꿀당도 보장 고당도 감귤 2kg + 황금향 2kg,일반,2.0,1,33000.0,23000.0,10000,0.30303030303030304,0,16500.0
YMM251022-00000015,SMF97813435,과즙폭발 꿀당도 보장 고당도 감귤 2kg + 황금향 2kg,일반,2.0,1,33000.0,23000.0,10000,0.30303030303030304,0,16500.0
YMM251022-00000016,SMF28240458,과즙폭발 꿀당도 보장 감귤 [유라실생],소과,3.0,2,24900.0,24900.0,0,0.0,0,16600.0
YMM251022-00000017,SMF97813435,과즙폭발 꿀당도 보장 고당도 감귤 2kg + 황금향 2kg,일반,2.0,1,33000.0,23000.0,10000,0.30303030303030304,0,16500.0
YMM251022-00000018,SMF97813435,과즙폭발 꿀당도 보장 고당도 감귤 2kg + 황금향 2kg,일반,2.0,1,33000.0,23000.0,10000,0.30303030303030304,0,16500.0
YMM251022-00000019,SMF97813435,과즙폭발 꿀당도 보장 고당도 감귤 2kg + 황금향 2kg,일반,2.0,1,33000.0,23000.0,10000,0.30303030303030304,0,16500.0
YMM251022-00000020,SMF28240458,과즙폭발 꿀당도 보장 감귤 [유라실생],소과,5.0,1,34900.0,34900.0,0,0.0,0,6980.0
YMM251022-00000021,SMF87846210,"2025 첫수확 노지감귤 가정용 3kg, 5kg",소과,5.0,1,24000.0,13300.0,10700,0.44583333333333336,0,4800.0
YMM251022-00000022,SMF87846210,"2025 첫수확 노지감귤 가정용 3kg, 5kg",로얄과,10.0,1,35000.0,23000.0,12000,0.34285714285714286,0,3500.0
YMM251022-00000023,SMF87846210,"2025 첫수확 노지감귤 가정용 3kg, 5kg",로얄과,3.0,1,17000.0,8800.0,8200,0.4823529411764706,0,5666.666666666667
YMM251022-00000024,SMF28240458,과즙폭발 꿀당도 보장 감귤 [유라실생],소과,3.0,1,24900.0,24900.0,0,0.0,0,8300.0
YMM251022-00000027,SMF28240458,과즙폭발 꿀당도 보장 감귤 [유라실생],소과,3.0,1,24900.0,24900.0,0,0.0,0,8300.0
YMM251022-00000028,SMF87846210,"2025 첫수확 노지감귤 가정용 3kg, 5kg",로얄과,3.0,1,17000.0,8800.0,8200,0.4823529411764706,0,5666.666666666667
YMM251022-00000030,SMF28240458,과즙폭발 꿀당도 보장 감귤 [유라실생],소과,3.0,1,24900.0,24900.0,0,0.0,0,8300.0
YMM251022-00000031,SMF29718566,제주 산지직송 황금향 선물세트 가정용,소과,3.0,2,32000.0,15800.0,32400,0.50625,0,21333.333333333332
YMM251022-00000032,SMF97813435,과즙폭발 꿀당도 보장 고당도 감귤 2kg + 황금향 2kg,일반,2.0,1,33000.0,23000.0,10000,0.30303030303030304,0,16500.0
YMM251022-00000033,SMF97813435,과즙폭발 꿀당도 보장 고당도 감귤 2kg + 황금향 2kg,일반,2.0,2,33000.0,23000.0,20000,0.30303030303030304,0,33000.0
YMM251022-00000035,SMF28240458,과즙폭발 꿀당도 보장 감귤 [유라실생],소과,5.0,4,34900.0,34900.0,0,0.0,0,27920.0
YMM251022-00000036,SMF28240458,과즙폭발 꿀당도 보장 감귤 [유라실생],소과,5.0,1,34900.0,34900.0,0,0.0,0,6980.0
YMM251022-00000037,SMF28240458,과즙폭발 꿀당도 보장 감귤 [유라실생],소과,5.0,1,34900.0,34900.0,0,0.0,0,6980.0
YMM251022-00000038,SMF97813435,과즙폭발 꿀당도 보장 고당도 감귤 2kg + 황금향 2kg,일반,2.0,1,33000.0,23000.0,10000,0.30303030303030304,0,16500.0
YMM251022-00000039,SMF97813435,과즙폭발 꿀당도 보장 고당도 감귤 2kg + 황금향 2kg,일반,2.0,1,33000.0,23000.0,10000,0.30303030303030304,0,16500.0
YMM251022-00000040,SMF97813435,과즙폭발 꿀당도 보장 고당도 감귤 2kg + 황금향 2kg,일반,2.0,1,33000.0,23000.0,10000,0.30303030303030304,0,16500.0
YMM251022-00000041,SMF28240458,과즙폭발 꿀당도 보장 감귤 [유라실생],소과,3.0,1,24900.0,24900.0,0,0.0,0,8300.0
YMM251022-00000042,SMF28240458,과즙폭발 꿀당도 보장 감귤 [유라실생],소과,5.0,1,34900.0,34900.0,0,0.0,0,6980.0
YMM251022-00000043,SMF97813435,과즙폭발 꿀당도 보장 고당도 감귤 2kg + 황금향 2kg,일반,2.0,1,33000.0,23000.0,10000,0.30303030303030304,0,16500.0
YMM251022-00000044,SMF29718566,제주 산지직송 황금향 선물세트 가정용,중대과,4.5,1,54000.0,40000.0,14000,0.25925925925925924,0,12000.0
YMM251022-00000045,SMF87846210,"2025 첫수확 노지감귤 가정용 3kg, 5kg",로얄과,3.0,1,17000.0,8800.0,8200,0.4823529411764706,0,5666.666666666667
YMM251022-00000047,SMF87846210,"2025 첫수확 노지감귤 가정용 3kg, 5kg",로얄과,3.0,1,17000.0,8800.0,8200,0.4823529411764706,0,5666.666666666667
YMM251022-00000048,SMF87846210,"2025 첫수확 노지감귤 가정용 3kg, 5kg",로얄과,3.0,1,17000.0,8800.0,8200,0.4823529411764706,0,5666.666666666667
YMM251022-00000049,SMF87846210,"2025 첫수확 노지감귤 가정용 3kg, 5kg",소과,10.0,1,35000.0,23000.0,12000,0.34285714285714286,0,3500.0
YMM251022-00000050,SMF97813435,과즙폭발 꿀당도 보장 고당도 감귤 2kg + 황금향 2kg,일반,2.0,1,33000.0,23000.0,10000,0.30303030303030304,0,16500.0
YMM251022-00000053,SMF87846210,"2025 첫수확 노지감귤 가정용 3kg, 5kg",로얄과,3.0,1,17000.0,8800.0,8200,0.4823529411764706,0,5666.666666666667
YMM251022-00000054,SMF87846210,"2025 첫수확 노지감귤 가정용 3kg, 5kg",소과,3.0,1,17000.0,8800.0,8200,0.4823529411764706,0,5666.666666666667
YMM251022-00000057,SMF87846210,"2025 첫수확 노지감귤 가정용 3kg, 5kg",소과,5.0,1,24000.0,13300.0,10700,0.44583333333333336,0,4800.0
YMM251022-00000058,SMF87846210,"2025 첫수확 노지감귤 가정용 3kg, 5kg",소과,5.0,1,24000.0,13300.0,10700,0.44583333333333336,0,4800.0
YMM251022-00000059,SMF97813435,과즙폭발 꿀당도 보장 고당도 감귤 2kg + 황금향 2kg,일반,2.0,1,33000.0,23000.0,10000,0.30303030303030304,0,16500.0
YMM251022-00000060,SMF28240458,과즙폭발 꿀당도 보장 감귤 [유라실생],소과,5.0,1,34900.0,34900.0,0,0.0,0,6980.0
YMM251022-00000061,SMF28240458,과즙폭발 꿀당도 보장 감귤 [유라실생],소과,5.0,1,34900.0,34900.0,0,0.0,0,6980.0
YMM251022-00000062,SMF28240458,과즙폭발 꿀당도 보장 감귤 [유라실생],소과,5.0,1,34900.0,34900.0,0,0.0,0,6980.0
YMM251022-00000063,SMF87846210,"2025 첫수확 노지감귤 가정용 3kg, 5kg",소과,3.0,1,17000.0,8800.0,8200,0.4823529411764706,0,5666.666666666667
YMM251022-00000065,SMF28240458,과즙폭발 꿀당도 보장 감귤 [유라실생],소과,5.0,1,34900.0,34900.0,0,0.0,0,6980.0
YMM251022-00000066,SMF28240458,과즙폭발 꿀당도 보장 감귤 [유라실생],소과,5.0,1,34900.0,34900.0,0,0.0,0,6980.0
YMM251022-00000067,SMF97813435,과즙폭발 꿀당도 보장 고당도 감귤 2kg + 황금향 2kg,일반,2.0,1,33000.0,23000.0,10000,0.30303030303030304,0,16500.0
YMM251022-00000069,SMF28240458,과즙폭발 꿀당도 보장 감귤 [유라실생],소과,5.0,1,34900.0,34900.0,0,0.0,0,6980.0
YMM251022-00000070,SMF97813435,과즙폭발 꿀당도 보장 고당도 감귤 2kg + 황금향 2kg,일반,2.0,1,33000.0,23000.0,10000,0.30303030303030304,0,16500.0
YMM251022-00000071,SMF28240458,과즙폭발 꿀당도 보장 감귤 [유라실생],소과,10.0,2,44900.0,44900.0,0,0.0,0,8980.0
YMM251022-00000072,SMF28240458,과즙폭발 꿀당도 보장 감귤 [유라실생],소과,3.0,1,24900.0,24900.0,0,0.0,0,8300.0
YMM251022-00000073,SMF87846210,"2025 첫수확 노지감귤 가정용 3kg, 5kg",소과,3.0,1,17000.0,8800.0,8200,0.4823529411764706,0,5666.666666666667
YMM251022-00000074,SMF28240458,과즙폭발 꿀당도 보장 감귤 [유라실생],소과,10.0,1,44900.0,44900.0,0,0.0,0,4490.0
YMM251022-00000077,SMF87846210,"2025 첫수확 노지감귤 가정용 3kg, 5kg",소과,5.0,1,24000.0,13300.0,10700,0.44583333333333336,0,4800.0
YMM251022-00000078,SMF97813435,과즙폭발 꿀당도 보장 고당도 감귤 2kg + 황금향 2kg,일반,2.0,1,33000.0,23000.0,10000,0.30303030303030304,0,16500.0
YMM251022-00000079,SMF28240458,과즙폭발 꿀당도 보장 감귤 [유라실생],소과,3.0,1,24900.0,24900.0,0,0.0,0,8300.0
YMM251022-00000080,SMF97813435,과즙폭발 꿀당도 보장 고당도 감귤 2kg + 황금향 2kg,일반,2.0,1,33000.0,23000.0,10000,0.30303030303030304,0,16500.0
YMM251022-00000081,SMF29718566,제주 산지직송 황금향 선물세트 가정용,소과,5.0,1,42000.0,25000.0,17000,0.40476190476190477,0,8400.0
YMM251022-00000082,SMF28240458,과즙폭발 꿀당도 보장 감귤 [유라실생],소과,3.0,1,24900.0,24900.0,0,0.0,0,8300.0
YMM251022-00000083,SMF28240458,과즙폭발 꿀당도 보장 감귤 [유라실생],소과,3.0,1,24900.0,24900.0,0,0.0,0,8300.0
YMM251022-00000084,SMF28240458,과즙폭발 꿀당도 보장 감귤 [유라실생],소과,3.0,1,24900.0,24900.0,0,0.0,0,8300.0
YMM251022-00000085,SMF97813435,과즙폭발 꿀당도 보장 고당도 감귤 2kg + 황금향 2kg,일반,2.0,1,33000.0,23000.0,10000,0.30303030303030304,0,16500.0
YMM251022-00000086,SMF28240458,과즙폭발 꿀당도 보장 감귤 [유라실생],소과,3.0,1,24900.0,24900.0,0,0.0,0,8300.0
YMM251022-00000087,SMF87846210,"2025 첫수확 노지감귤 가정용 3kg, 5kg",소과,5.0,1,24000.0,13300.0,10700,0.44583333333333336,0,4800.0
YMM251022-00000088,SMF87846210,"2025 첫수확 노지감귤 가정용 3kg, 5kg",로얄과,10.0,1,35000.0,23000.0,12000,0.34285714285714286,0,3500.0
YMM251022-00000089,SMF97813435,과즙폭발 꿀당도 보장 고당도 감귤 2kg + 황금향 2kg,일반,2.0,3,33000.0,23000.0,30000,0.30303030303030304,0,49500.0
YMM251022-00000091,SMF28240458,과즙폭발 꿀당도 보장 감귤 [유라실생],소과,3.0,1,24900.0,24900.0,0,0.0,0,8300.0
YMM251022-00000092,SMF87846210,"2025 첫수확 노지감귤 가정용 3kg, 5kg",소과,10.0,1,35000.0,23000.0,12000,0.34285714285714286,0,3500.0
YMM251022-00000093,SMF87846210,"2025 첫수확 노지감귤 가정용 3kg, 5kg",소과,10.0,1,35000.0,23000.0,12000,0.34285714285714286,0,3500.0
YMM251022-00000094,SMF28240458,과즙폭발 꿀당도 보장 감귤 [유라실생],소과,5.0,1,34900.0,34900.0,0,0.0,0,6980.0
YMM251022-00000095,SMF28240458,과즙폭발 꿀당도 보장 감귤 [유라실생],소과,5.0,1,34900.0,34900.0,0,0.0,0,6980.0
YMM251022-00000096,SMF87846210,"2025 첫수확 노지감귤 가정용 3kg, 5kg",소과,10.0,1,35000.0,23000.0,12000,0.34285714285714286,0,3500.0
YMM251022-00000099,SMF87846210,"2025 첫수확 노지감귤 가정용 3kg, 5kg",로얄과,5.0,1,24000.0,13300.0,10700,0.44583333333333336,0,4800.0
YMM251022-00000100,SMF87846210,"2025 첫수확 노지감귤 가정용 3kg, 5kg",로얄과,5.0,1,24000.0,13300.0,10700,0.44583333333333336,0,4800.0
YMM251022-00000101,SMF28240458,과즙폭발 꿀당도 보장 감귤 [유라실생],소과,5.0,1,34900.0,34900.0,0,0.0,0,6980.0
YMM251022-00000102,SMF97813435,과즙폭발 꿀당도 보장 고당도 감귤 2kg + 황금향 2kg,일반,2.0,1,33000.0,23000.0,10000,0.30303030303030304,0,16500.0
YMM251022-00000103,SMF28240458,과즙폭발 꿀당도 보장 감귤 [유라실생],소과,5.0,1,34900.0,34900.0,0,0.0,0,6980.0
YMM251022-00000105,SMF97813435,과즙폭발 꿀당도 보장 고당도 감귤 2kg + 황금향 2kg,일반,2.0,1,33000.0,23000.0,10000,0.30303030303030304,0,16500.0
YMM251022-00000106,SMF97813435,과즙폭발 꿀당도 보장 고당도 감귤 2kg + 황금향 2kg,일반,2.0,1,33000.0,23000.0,10000,0.30303030303030304,0,16500.0
YMM251022-00000107,SMF28240458,과즙폭발 꿀당도 보장 감귤 [유라실생],소과,5.0,1,34900.0,34900.0,0,0.0,0,6980.0
YMM251022-00000108,SMF97813435,과즙폭발 꿀당도 보장 고당도 감귤 2kg + 황금향 2kg,일반,2.0,1,33000.0,23000.0,10000,0.30303030303030304,0,16500.0
YMM251022-00000110,SMF97813435,과즙폭발 꿀당도 보장 고당도 감귤 2kg + 황금향 2kg,일반,2.0,1,33000.0,23000.0,10000,0.30303030303030304,0,16500.0
YMM251022-00000111,SMF97813435,과즙폭발 꿀당도 보장 고당도 감귤 2kg + 황금향 2kg,일반,2.0,1,33000.0,23000.0,10000,0.30303030303030304,0,16500.0
YMM251022-00000112,SMF87846210,"2025 첫수확 노지감귤 가정용 3kg, 5kg",소과,3.0,1,17000.0,8800.0,8200,0.4823529411764706,0,5666.666666666667
YMM251022-00000113,SMF87846210,"2025 첫수확 노지감귤 가정용 3kg, 5kg",소과,5.0,1,24000.0,13300.0,10700,0.44583333333333336,0,4800.0
YMM251022-00000114,SMF87846210,"2025 첫수확 노지감귤 가정용 3kg, 5kg",소과,5.0,1,24000.0,13300.0,10700,0.44583333333333336,0,4800.0
YMM251022-00000115,SMF28240458,과즙폭발 꿀당도 보장 감귤 [유라실생],소과,5.0,1,34900.0,34900.0,0,0.0,0,6980.0
YMM251022-00000116,SMF87846210,"2025 첫수확 노지감귤 가정용 3kg, 5kg",소과,5.0,1,24000.0,13300.0,10700,0.44583333333333336,0,4800.0
YMM251022-00000117,SMF28240458,과즙폭발 꿀당도 보장 감귤 [유라실생],소과,3.0,1,24900.0,24900.0,0,0.0,0,8300.0
YMM251022-00000118,SMF97813435,과즙폭발 꿀당도 보장 고당도 감귤 2kg + 황금향 2kg,일반,2.0,1,33000.0,23000.0,10000,0.30303030303030304,0,16500.0
YMM251022-00000119,SMF87846210,"2025 첫수확 노지감귤 가정용 3kg, 5kg",소과,10.0,1,35000.0,23000.0,12000,0.34285714285714286,0,3500.0
YMM251022-00000120,SMF87846210,"2025 첫수확 노지감귤 가정용 3kg, 5kg",소과,3.0,1,17000.0,8800.0,8200,0.4823529411764706,0,5666.666666666667
YMM251022-00000121,SMF28240458,과즙폭발 꿀당도 보장 감귤 [유라실생],소과,3.0,1,24900.0,24900.0,0,0.0,0,8300.0
YMM251022-00000122,SMF97813435,과즙폭발 꿀당도 보장 고당도 감귤 2kg + 황금향 2kg,일반,2.0,2,33000.0,23000.0,20000,0.30303030303030304,0,33000.0
YMM251022-00000123,SMF87846210,"2025 첫수확 노지감귤 가정용 3kg, 5kg",로얄과,5.0,1,24000.0,13300.0,10700,0.44583333333333336,0,4800.0
YMM251022-00000125,SMF28240458,과즙폭발 꿀당도 보장 감귤 [유라실생],소과,5.0,1,34900.0,34900.0,0,0.0,0,6980.0
YMM251022-00000126,SMF29718566,제주 산지직송 황금향 선물세트 가정용,소과,3.0,1,32000.0,15800.0,16200,0.50625,0,10666.666666666666
YMM251022-00000128,SMF97813435,과즙폭발 꿀당도 보장 고당도 감귤 2kg + 황금향 2kg,일반,2.0,1,33000.0,23000.0,10000,0.30303030303030304,0,16500.0
YMM251022-00000129,SMF87846210,"2025 첫수확 노지감귤 가정용 3kg, 5kg",로얄과,5.0,1,24000.0,13300.0,10700,0.44583333333333336,0,4800.0
YMM251022-00000130,SMF97813435,과즙폭발 꿀당도 보장 고당도 감귤 2kg + 황금향 2kg,일반,2.0,1,33000.0,23000.0,10000,0.30303030303030304,0,16500.0
YMM251022-00000131,SMF28240458,과즙폭발 꿀당도 보장 감귤 [유라실생],소과,5.0,1,34900.0,34900.0,0,0.0,0,6980.0
YMM251023-00000001,SMF87846210,"2025 첫수확 노지감귤 가정용 3kg, 5kg",로얄과,10.0,1,35000.0,23000.0,12000,0.34285714285714286,0,3500.0
YMM251023-00000002,SMF97813435,과즙폭발 꿀당도 보장 고당도 감귤 2kg + 황금향 2kg,일반,2.0,1,33000.0,23000.0,10000,0.30303030303030304,0,16500.0
YMM251023-00000003,SMF87846210,"2025 첫수확 노지감귤 가정용 3kg, 5kg",로얄과,5.0,1,24000.0,13300.0,10700,0.44583333333333336,0,4800.0
YMM251023-00000004,SMF97813435,과즙폭발 꿀당도 보장 고당도 감귤 2kg + 황금향 2kg,일반,2.0,1,33000.0,23000.0,10000,0.30303030303030304,0,16500.0
YMM251023-00000006,SMF97813435,과즙폭발 꿀당도 보장 고당도 감귤 2kg + 황금향 2kg,일반,2.0,1,33000.0,23000.0,10000,0.30303030303030304,0,16500.0
YMM251023-00000007,SMF28240458,과즙폭발 꿀당도 보장 감귤 [유라실생],소과,10.0,1,44900.0,44900.0,0,0.0,0,4490.0
YMM251023-00000008,SMF97813435,과즙폭발 꿀당도 보장 고당도 감귤 2kg + 황금향 2kg,일반,2.0,1,33000.0,23000.0,10000,0.30303030303030304,0,16500.0
YMM251023-00000009,SMF97813435,과즙폭발 꿀당도 보장 고당도 감귤 2kg + 황금향 2kg,일반,2.0,1,33000.0,23000.0,10000,0.30303030303030304,0,16500.0
YMM251023-00000010,SMF97813435,과즙폭발 꿀당도 보장 고당도 감귤 2kg + 황금향 2kg,일반,2.0,1,33000.0,23000.0,10000,0.30303030303030304,0,16500.0
YMM251023-00000011,SMF97813435,과즙폭발 꿀당도 보장 고당도 감귤 2kg + 황금향 2kg,일반,2.0,1,33000.0,23000.0,10000,0.30303030303030304,0,16500.0
YMM251023-00000012,SMF97813435,과즙폭발 꿀당도 보장 고당도 감귤 2kg + 황금향 2kg,일반,2.0,1,33000.0,23000.0,10000,0.30303030303030304,0,16500.0
YMM251023-00000013,SMF87846210,"2025 첫수확 노지감귤 가정용 3kg, 5kg",소과,5.0,1,24000.0,13300.0,10700,0.44583333333333336,0,4800.0
YMM251023-00000014,SMF97813435,과즙폭발 꿀당도 보장 고당도 감귤 2kg + 황금향 2kg,일반,2.0,1,33000.0,23000.0,10000,0.30303030303030304,0,16500.0
YMM251023-00000015,SMF97813435,과즙폭발 꿀당도 보장 고당도 감귤 2kg + 황금향 2kg,일반,2.0,1,33000.0,23000.0,10000,0.30303030303030304,0,16500.0
YMM251023-00000016,SMF28240458,과즙폭발 꿀당도 보장 감귤 [유라실생],소과,10.0,1,44900.0,44900.0,0,0.0,0,4490.0
YMM251023-00000017,SMF87846210,"2025 첫수확 노지감귤 가정용 3kg, 5kg",로얄과,3.0,1,17000.0,8800.0,8200,0.4823529411764706,0,5666.666666666667
YMM251023-00000018,SMF97813435,과즙폭발 꿀당도 보장 고당도 감귤 2kg + 황금향 2kg,일반,2.0,1,33000.0,23000.0,10000,0.30303030303030304,0,16500.0
YMM251023-00000019,SMF87846210,"2025 첫수확 노지감귤 가정용 3kg, 5kg",소과,3.0,1,17000.0,8800.0,8200,0.4823529411764706,0,5666.666666666667
YMM251023-00000020,SMF28240458,과즙폭발 꿀당도 보장 감귤 [유라실생],소과,3.0,1,24900.0,24900.0,0,0.0,0,8300.0
YMM251023-00000021,SMF28240458,과즙폭발 꿀당도 보장 감귤 [유라실생],소과,5.0,1,34900.0,34900.0,0,0.0,0,6980.0
YMM251023-00000022,SMF97813435,과즙폭발 꿀당도 보장 고당도 감귤 2kg + 황금향 2kg,일반,2.0,1,33000.0,23000.0,10000,0.30303030303030304,0,16500.0
YMM251023-00000023,SMF87846210,"2025 첫수확 노지감귤 가정용 3kg, 5kg",로얄과,5.0,1,24000.0,13300.0,10700,0.44583333333333336,0,4800.0
YMM251023-00000024,SMF28240458,과즙폭발 꿀당도 보장 감귤 [유라실생],소과,5.0,1,34900.0,34900.0,0,0.0,0,6980.0
YMM251023-00000026,SMF87846210,"2025 첫수확 노지감귤 가정용 3kg, 5kg",소과,5.0,1,24000.0,13300.0,10700,0.44583333333333336,0,4800.0
YMM251023-00000028,SMF29718566,제주 산지직송 황금향 선물세트 가정용,소과,5.0,1,42000.0,25000.0,17000,0.40476190476190477,0,8400.0
YMM251023-00000029,SMF28240458,과즙폭발 꿀당도 보장 감귤 [유라실생],소과,5.0,1,34900.0,34900.0,0,0.0,0,6980.0
YMM251023-00000030,SMF28240458,과즙폭발 꿀당도 보장 감귤 [유라실생],소과,10.0,1,44900.0,44900.0,0,0.0,0,4490.0
YMM251023-00000031,SMF29718566,제주 산지직송 황금향 선물세트 가정용,중대과,4.5,1,54000.0,40000.0,14000,0.25925925925925924,0,12000.0
YMM251023-00000033,SMF29718566,제주 산지직송 황금향 선물세트 가정용,중대과,4.5,1,54000.0,40000.0,14000,0.25925925925925924,0,12000.0
YMM251023-00000034,SMF28240458,과즙폭발 꿀당도 보장 감귤 [유라실생],소과,3.0,1,24900.0,24900.0,0,0.0,0,8300.0
YMM251023-00000035,SMF29718566,제주 산지직송 황금향 선물세트 가정용,중대과,4.5,1,54000.0,40000.0,14000,0.25925925925925924,0,12000.0
YMM251023-00000036,SMF28240458,과즙폭발 꿀당도 보장 감귤 [유라실생],소과,5.0,1,34900.0,34900.0,0,0.0,0,6980.0
YMM251023-00000038,SMF97813435,과즙폭발 꿀당도 보장 고당도 감귤 2kg + 황금향 2kg,일반,2.0,1,33000.0,23000.0,10000,0.30303030303030304,0,16500.0
YMM251023-00000039,SMF97813435,과즙폭발 꿀당도 보장 고당도 감귤 2kg + 황금향 2kg,일반,2.0,1,33000.0,23000.0,10000,0.30303030303030304,0,16500.0
YMM251023-00000040,SMF97813435,과즙폭발 꿀당도 보장 고당도 감귤 2kg + 황금향 2kg,일반,2.0,1,33000.0,23000.0,10000,0.30303030303030304,0,16500.0
YMM251023-00000041,SMF97813435,과즙폭발 꿀당도 보장 고당도 감귤 2kg + 황금향 2kg,일반,2.0,1,33000.0,23000.0,10000,0.30303030303030304,0,16500.0
YMM251023-00000042,SMF97813435,과즙폭발 꿀당도 보장 고당도 감귤 2kg + 황금향 2kg,일반,2.0,1,33000.0,23000.0,10000,0.30303030303030304,0,16500.0
YMM251023-00000043,SMF97813435,과즙폭발 꿀당도 보장 고당도 감귤 2kg + 황금향 2kg,일반,2.0,1,33000.0,23000.0,10000,0.30303030303030304,0,16500.0
YMM251023-00000045,SMF97813435,과즙폭발 꿀당도 보장 고당도 감귤 2kg + 황금향 2kg,일반,2.0,1,33000.0,23000.0,10000,0.30303030303030304,0,16500.0
YMM251023-00000046,SMF87846210,"2025 첫수확 노지감귤 가정용 3kg, 5kg",소과,5.0,1,24000.0,13300.0,10700,0.44583333333333336,0,4800.0
YMM251023-00000047,SMF87846210,"2025 첫수확 노지감귤 가정용 3kg, 5kg",소과,5.0,1,24000.0,13300.0,10700,0.44583333333333336,0,4800.0
YMM251023-00000048,SMF28240458,과즙폭발 꿀당도 보장 감귤 [유라실생],소과,3.0,1,24900.0,24900.0,0,0.0,0,8300.0
YMM251023-00000049,SMF97813435,과즙폭발 꿀당도 보장 고당도 감귤 2kg + 황금향 2kg,일반,2.0,2,33000.0,23000.0,20000,0.30303030303030304,0,33000.0
YMM251023-00000050,SMF28240458,과즙폭발 꿀당도 보장 감귤 [유라실생],소과,3.0,1,24900.0,24900.0,0,0.0,0,8300.0
YMM251023-00000051,SMF28240458,과즙폭발 꿀당도 보장 감귤 [유라실생],소과,5.0,1,34900.0,34900.0,0,0.0,0,6980.0
YMM251023-00000052,SMF28240458,과즙폭발 꿀당도 보장 감귤 [유라실생],소과,10.0,1,44900.0,44900.0,0,0.0,0,4490.0
YMM251023-00000053,SMF87846210,"2025 첫수확 노지감귤 가정용 3kg, 5kg",소과,5.0,1,24000.0,13300.0,10700,0.44583333333333336,0,4800.0
YMM251023-00000054,SMF97813435,과즙폭발 꿀당도 보장 고당도 감귤 2kg + 황금향 2kg,일반,2.0,1,33000.0,23000.0,10000,0.30303030303030304,0,16500.0
YMM251023-00000055,SMF97813435,과즙폭발 꿀당도 보장 고당도 감귤 2kg + 황금향 2kg,일반,2.0,1,33000.0,23000.0,10000,0.30303030303030304,0,16500.0
YMM251023-00000056,SMF28240458,과즙폭발 꿀당도 보장 감귤 [유라실생],소과,3.0,1,24900.0,24900.0,0,0.0,0,8300.0
YMM251023-00000057,SMF28240458,과즙폭발 꿀당도 보장 감귤 [유라실생],소과,10.0,1,44900.0,44900.0,0,0.0,0,4490.0
YMM251023-00000058,SMF87846210,"2025 첫수확 노지감귤 가정용 3kg, 5kg",소과,5.0,1,24000.0,13300.0,10700,0.44583333333333336,0,4800.0
YMM251023-00000059,SMF97813435,과즙폭발 꿀당도 보장 고당도 감귤 2kg + 황금향 2kg,일반,2.0,1,33000.0,23000.0,10000,0.30303030303030304,0,16500.0
YMM251023-00000060,SMF87846210,"2025 첫수확 노지감귤 가정용 3kg, 5kg",소과,5.0,1,24000.0,13300.0,10700,0.44583333333333336,0,4800.0
YMM251023-00000061,SMF87846210,"2025 첫수확 노지감귤 가정용 3kg, 5kg",소과,5.0,1,24000.0,13300.0,10700,0.44583333333333336,0,4800.0
YMM251023-00000062,SMF97813435,과즙폭발 꿀당도 보장 고당도 감귤 2kg + 황금향 2kg,일반,2.0,1,33000.0,23000.0,10000,0.30303030303030304,0,16500.0
YMM251023-00000063,SMF97813435,과즙폭발 꿀당도 보장 고당도 감귤 2kg + 황금향 2kg,일반,2.0,1,33000.0,23000.0,10000,0.30303030303030304,0,16500.0
YMM251023-00000064,SMF97813435,과즙폭발 꿀당도 보장 고당도 감귤 2kg + 황금향 2kg,일반,2.0,1,33000.0,23000.0,10000,0.30303030303030304,0,16500.0
YMM251023-00000065,SMF87846210,"2025 첫수확 노지감귤 가정용 3kg, 5kg",로얄과,10.0,1,35000.0,23000.0,12000,0.34285714285714286,0,3500.0
YMM251023-00000066,SMF28240458,과즙폭발 꿀당도 보장 감귤 [유라실생],소과,3.0,1,24900.0,24900.0,0,0.0,0,8300.0
YMM251023-00000067,SMF28240458,과즙폭발 꿀당도 보장 감귤 [유라실생],소과,3.0,1,24900.0,24900.0,0,0.0,0,8300.0
YMM251023-00000068,SMF28240458,과즙폭발 꿀당도 보장 감귤 [유라실생],소과,3.0,1,24900.0,24900.0,0,0.0,0,8300.0
YMM251023-00000069,SMF97813435,과즙폭발 꿀당도 보장 고당도 감귤 2kg + 황금향 2kg,일반,2.0,1,33000.0,23000.0,10000,0.30303030303030304,0,16500.0
YMM251023-00000070,SMF28240458,과즙폭발 꿀당도 보장 감귤 [유라실생],소과,3.0,1,24900.0,24900.0,0,0.0,0,8300.0
YMM251023-00000071,SMF28240458,과즙폭발 꿀당도 보장 감귤 [유라실생],소과,3.0,1,24900.0,24900.0,0,0.0,0,8300.0
YMM251023-00000072,SMF87846210,"2025 첫수확 노지감귤 가정용 3kg, 5kg",로얄과,3.0,1,17000.0,8800.0,8200,0.4823529411764706,0,5666.666666666667
YMM251023-00000074,SMF28240458,과즙폭발 꿀당도 보장 감귤 [유라실생],소과,3.0,1,24900.0,24900.0,0,0.0,0,8300.0
YMM251023-00000075,SMF28240458,과즙폭발 꿀당도 보장 감귤 [유라실생],소과,10.0,1,44900.0,44900.0,0,0.0,0,4490.0
YMM251023-00000076,SMF28240458,과즙폭발 꿀당도 보장 감귤 [유라실생],소과,3.0,2,24900.0,24900.0,0,0.0,0,16600.0
YMM251023-00000077,SMF28240458,과즙폭발 꿀당도 보장 감귤 [유라실생],소과,10.0,1,44900.0,44900.0,0,0.0,0,4490.0
YMM251023-00000078,SMF97813435,과즙폭발 꿀당도 보장 고당도 감귤 2kg + 황금향 2kg,일반,2.0,1,33000.0,23000.0,10000,0.30303030303030304,0,16500.0
YMM251023-00000079,SMF87846210,"2025 첫수확 노지감귤 가정용 3kg, 5kg",소과,5.0,1,24000.0,13300.0,10700,0.44583333333333336,0,4800.0
YMM251023-00000080,SMF87846210,"2025 첫수확 노지감귤 가정용 3kg, 5kg",로얄과,3.0,1,17000.0,8800.0,8200,0.4823529411764706,0,5666.666666666667
YMM251023-00000081,SMF28240458,과즙폭발 꿀당도 보장 감귤 [유라실생],소과,3.0,1,24900.0,24900.0,0,0.0,0,8300.0
YMM251023-00000082,SMF97813435,과즙폭발 꿀당도 보장 고당도 감귤 2kg + 황금향 2kg,일반,2.0,1,33000.0,23000.0,10000,0.30303030303030304,0,16500.0
YMM251023-00000083,SMF28240458,과즙폭발 꿀당도 보장 감귤 [유라실생],소과,3.0,1,24900.0,24900.0,0,0.0,0,8300.0
YMM251023-00000084,SMF28240458,과즙폭발 꿀당도 보장 감귤 [유라실생],소과,10.0,1,44900.0,44900.0,0,0.0,0,4490.0
YMM251023-00000085,SMF87846210,"2025 첫수확 노지감귤 가정용 3kg, 5kg",소과,5.0,1,24000.0,13300.0,10700,0.44583333333333336,0,4800.0
YMM251023-00000086,SMF87846210,"2025 첫수확 노지감귤 가정용 3kg, 5kg",소과,5.0,1,24000.0,13300.0,10700,0.44583333333333336,0,4800.0
YMM251023-00000087,SMF87846210,"2025 첫수확 노지감귤 가정용 3kg, 5kg",소과,5.0,1,24000.0,13300.0,10700,0.44583333333333336,0,4800.0
YMM251023-00000088,SMF87846210,"2025 첫수확 노지감귤 가정용 3kg, 5kg",소과,5.0,1,24000.0,13300.0,10700,0.44583333333333336,0,4800.0
YMM251023-00000089,SMF87846210,"2025 첫수확 노지감귤 가정용 3kg, 5kg",소과,5.0,1,24000.0,13300.0,10700,0.44583333333333336,0,4800.0
YMM251023-00000090,SMF87846210,"2025 첫수확 노지감귤 가정용 3kg, 5kg",소과,5.0,1,24000.0,13300.0,10700,0.44583333333333336,0,4800.0
YMM251023-00000091,SMF87846210,"2025 첫수확 노지감귤 가정용 3kg, 5kg",소과,5.0,1,24000.0,13300.0,10700,0.44583333333333336,0,4800.0
YMM251023-00000092,SMF87846210,"2025 첫수확 노지감귤 가정용 3kg, 5kg",소과,5.0,1,24000.0,13300.0,10700,0.44583333333333336,0,4800.0
YMM251023-00000093,SMF87846210,"2025 첫수확 노지감귤 가정용 3kg, 5kg",소과,10.0,1,35000.0,23000.0,12000,0.34285714285714286,0,3500.0
YMM251023-00000094,SMF87846210,"2025 첫수확 노지감귤 가정용 3kg, 5kg",소과,5.0,1,24000.0,13300.0,10700,0.44583333333333336,0,4800.0
YMM251023-00000095,SMF28240458,과즙폭발 꿀당도 보장 감귤 [유라실생],소과,3.0,1,24900.0,24900.0,0,0.0,0,8300.0
YMM251023-00000096,SMF87846210,"2025 첫수확 노지감귤 가정용 3kg, 5kg",소과,5.0,1,24000.0,13300.0,10700,0.44583333333333336,0,4800.0
YMM251023-00000097,SMF87846210,"2025 첫수확 노지감귤 가정용 3kg, 5kg",소과,5.0,1,24000.0,13300.0,10700,0.44583333333333336,0,4800.0
YMM251023-00000098,SMF28240458,과즙폭발 꿀당도 보장 감귤 [유라실생],소과,3.0,1,24900.0,24900.0,0,0.0,0,8300.0
YMM251023-00000099,SMF97813435,과즙폭발 꿀당도 보장 고당도 감귤 2kg + 황금향 2kg,일반,2.0,1,33000.0,23000.0,10000,0.30303030303030304,0,16500.0
YMM251023-00000101,SMF97813435,과즙폭발 꿀당도 보장 고당도 감귤 2kg + 황금향 2kg,일반,2.0,1,33000.0,23000.0,10000,0.30303030303030304,0,16500.0
YMM251023-00000102,SMF87846210,"2025 첫수확 노지감귤 가정용 3kg, 5kg",로얄과,10.0,1,35000.0,23000.0,12000,0.34285714285714286,0,3500.0
YMM251023-00000103,SMF28240458,과즙폭발 꿀당도 보장 감귤 [유라실생],소과,3.0,2,24900.0,24900.0,0,0.0,0,16600.0
YMM251023-00000104,SMF28240458,과즙폭발 꿀당도 보장 감귤 [유라실생],소과,3.0,1,24900.0,24900.0,0,0.0,0,8300.0
YMM251023-00000106,SMF87846210,"2025 첫수확 노지감귤 가정용 3kg, 5kg",로얄과,10.0,1,35000.0,23000.0,12000,0.34285714285714286,0,3500.0
YMM251023-00000107,SMF97813435,과즙폭발 꿀당도 보장 고당도 감귤 2kg + 황금향 2kg,일반,2.0,1,33000.0,23000.0,10000,0.30303030303030304,0,16500.0
YMM251023-00000108,SMF87846210,"2025 첫수확 노지감귤 가정용 3kg, 5kg",소과,5.0,2,24000.0,13300.0,21400,0.44583333333333336,0,9600.0
YMM251023-00000109,SMF28240458,과즙폭발 꿀당도 보장 감귤 [유라실생],소과,5.0,1,34900.0,34900.0,0,0.0,0,6980.0
YMM251023-00000110,SMF87846210,"2025 첫수확 노지감귤 가정용 3kg, 5kg",소과,5.0,1,24000.0,13300.0,10700,0.44583333333333336,0,4800.0
YMM251023-00000112,SMF97813435,과즙폭발 꿀당도 보장 고당도 감귤 2kg + 황금향 2kg,일반,2.0,1,33000.0,23000.0,10000,0.30303030303030304,0,16500.0
YMM251023-00000113,SMF28240458,과즙폭발 꿀당도 보장 감귤 [유라실생],소과,5.0,1,34900.0,34900.0,0,0.0,0,6980.0
YMM251023-00000114,SMF28240458,과즙폭발 꿀당도 보장 감귤 [유라실생],소과,5.0,1,34900.0,34900.0,0,0.0,0,6980.0
YMM251023-00000115,SMF87846210,"2025 첫수확 노지감귤 가정용 3kg, 5kg",로얄과,5.0,1,24000.0,13300.0,10700,0.44583333333333336,0,4800.0
YMM251023-00000119,SMF97813435,과즙폭발 꿀당도 보장 고당도 감귤 2kg + 황금향 2kg,일반,2.0,1,33000.0,23000.0,10000,0.30303030303030304,0,16500.0
YMM251023-00000121,SMF97813435,과즙폭발 꿀당도 보장 고당도 감귤 2kg + 황금향 2kg,일반,2.0,1,33000.0,23000.0,10000,0.30303030303030304,0,16500.0
YMM251023-00000124,SMF97813435,과즙폭발 꿀당도 보장 고당도 감귤 2kg + 황금향 2kg,일반,2.0,1,33000.0,23000.0,10000,0.30303030303030304,0,16500.0
YMM251023-00000125,SMF97813435,과즙폭발 꿀당도 보장 고당도 감귤 2kg + 황금향 2kg,일반,2.0,1,33000.0,23000.0,10000,0.30303030303030304,0,16500.0
YMM251024-00000001,SMF28240458,과즙폭발 꿀당도 보장 감귤 [유라실생],소과,10.0,1,44900.0,44900.0,0,0.0,0,4490.0
YMM251024-00000002,SMF97813435,과즙폭발 꿀당도 보장 고당도 감귤 2kg + 황금향 2kg,일반,2.0,1,33000.0,23000.0,10000,0.30303030303030304,0,16500.0
YMM251024-00000003,SMF28240458,과즙폭발 꿀당도 보장 감귤 [유라실생],소과,10.0,2,44900.0,44900.0,0,0.0,0,8980.0
YMM251024-00000004,SMF28240458,과즙폭발 꿀당도 보장 감귤 [유라실생],소과,10.0,2,44900.0,44900.0,0,0.0,0,8980.0
YMM251024-00000005,SMF97813435,과즙폭발 꿀당도 보장 고당도 감귤 2kg + 황금향 2kg,일반,2.0,1,33000.0,23000.0,10000,0.30303030303030304,0,16500.0
YMM251024-00000006,SMF87846210,"2025 첫수확 노지감귤 가정용 3kg, 5kg",소과,5.0,1,24000.0,13300.0,10700,0.44583333333333336,0,4800.0
YMM251024-00000007,SMF97813435,과즙폭발 꿀당도 보장 고당도 감귤 2kg + 황금향 2kg,일반,2.0,1,33000.0,23000.0,10000,0.30303030303030304,0,16500.0
YMM251024-00000008,SMF87846210,"2025 첫수확 노지감귤 가정용 3kg, 5kg",소과,5.0,1,24000.0,13300.0,10700,0.44583333333333336,0,4800.0
YMM251024-00000009,SMF87846210,"2025 첫수확 노지감귤 가정용 3kg, 5kg",소과,3.0,1,17000.0,8800.0,8200,0.4823529411764706,0,5666.666666666667
YMM251024-00000010,SMF97813435,과즙폭발 꿀당도 보장 고당도 감귤 2kg + 황금향 2kg,일반,2.0,1,33000.0,23000.0,10000,0.30303030303030304,0,16500.0
YMM251024-00000018,SMF28240458,과즙폭발 꿀당도 보장 감귤 [유라실생],소과,3.0,1,24900.0,24900.0,0,0.0,0,8300.0
YMM251024-00000019,SMF28240458,과즙폭발 꿀당도 보장 감귤 [유라실생],소과,5.0,1,34900.0,34900.0,0,0.0,0,6980.0
YMM251024-00000020,SMF28240458,과즙폭발 꿀당도 보장 감귤 [유라실생],소과,3.0,1,24900.0,24900.0,0,0.0,0,8300.0
YMM251024-00000021,SMF29718566,제주 산지직송 황금향 선물세트 가정용,소과,3.0,1,32000.0,15800.0,16200,0.50625,0,10666.666666666666
YMM251024-00000022,SMF29718566,제주 산지직송 황금향 선물세트 가정용,소과,3.0,1,32000.0,15800.0,16200,0.50625,0,10666.666666666666
YMM251024-00000023,SMF87846210,"2025 첫수확 노지감귤 가정용 3kg, 5kg",소과,5.0,1,24000.0,13300.0,10700,0.44583333333333336,0,4800.0
YMM251024-00000024,SMF97813435,과즙폭발 꿀당도 보장 고당도 감귤 2kg + 황금향 2kg,일반,2.0,1,33000.0,23000.0,10000,0.30303030303030304,0,16500.0
YMM251024-00000025,SMF97813435,과즙폭발 꿀당도 보장 고당도 감귤 2kg + 황금향 2kg,일반,2.0,1,33000.0,23000.0,10000,0.30303030303030304,0,16500.0
YMM251024-00000026,SMF28240458,과즙폭발 꿀당도 보장 감귤 [유라실생],소과,5.0,1,34900.0,34900.0,0,0.0,0,6980.0
YMM251024-00000027,SMF97813435,과즙폭발 꿀당도 보장 고당도 감귤 2kg + 황금향 2kg,일반,2.0,1,33000.0,23000.0,10000,0.30303030303030304,0,16500.0
YMM251024-00000029,SMF87846210,"2025 첫수확 노지감귤 가정용 3kg, 5kg",소과,3.0,1,17000.0,8800.0,8200,0.4823529411764706,0,5666.666666666667
YMM251024-00000030,SMF87846210,"2025 첫수확 노지감귤 가정용 3kg, 5kg",소과,3.0,1,17000.0,8800.0,8200,0.4823529411764706,0,5666.666666666667
YMM251024-00000031,SMF87846210,"2025 첫수확 노지감귤 가정용 3kg, 5kg",소과,5.0,1,24000.0,13300.0,10700,0.44583333333333336,0,4800.0
YMM251024-00000032,SMF28240458,과즙폭발 꿀당도 보장 감귤 [유라실생],소과,10.0,1,44900.0,44900.0,0,0.0,0,4490.0
YMM251024-00000033,SMF97813435,과즙폭발 꿀당도 보장 고당도 감귤 2kg + 황금향 2kg,일반,2.0,1,33000.0,23000.0,10000,0.30303030303030304,0,16500.0
YMM251024-00000034,SMF28240458,과즙폭발 꿀당도 보장 감귤 [유라실생],소과,5.0,1,34900.0,34900.0,0,0.0,0,6980.0
YMM251024-00000035,SMF28240458,과즙폭발 꿀당도 보장 감귤 [유라실생],소과,5.0,1,34900.0,34900.0,0,0.0,0,6980.0
YMM251024-00000036,SMF29718566,제주 산지직송 황금향 선물세트 가정용,소과,3.0,1,32000.0,15800.0,16200,0.50625,0,10666.666666666666
YMM251024-00000037,SMF28240458,과즙폭발 꿀당도 보장 감귤 [유라실생],소과,5.0,1,34900.0,34900.0,0,0.0,0,6980.0
YMM251024-00000039,SMF97813435,과즙폭발 꿀당도 보장 고당도 감귤 2kg + 황금향 2kg,일반,2.0,1,33000.0,23000.0,10000,0.30303030303030304,0,16500.0
YMM251024-00000040,SMF28240458,과즙폭발 꿀당도 보장 감귤 [유라실생],소과,5.0,1,34900.0,34900.0,0,0.0,0,6980.0
YMM251024-00000041,SMF28240458,과즙폭발 꿀당도 보장 감귤 [유라실생],소과,10.0,1,44900.0,44900.0,0,0.0,0,4490.0
YMM251024-00000042,SMF28240458,과즙폭발 꿀당도 보장 감귤 [유라실생],소과,3.0,1,24900.0,24900.0,0,0.0,0,8300.0
YMM251024-00000043,SMF87846210,"2025 첫수확 노지감귤 가정용 3kg, 5kg",소과,3.0,1,17000.0,8800.0,8200,0.4823529411764706,0,5666.666666666667
YMM251024-00000045,SMF97813435,과즙폭발 꿀당도 보장 고당도 감귤 2kg + 황금향 2kg,일반,2.0,1,33000.0,23000.0,10000,0.30303030303030304,0,16500.0
YMM251024-00000047,SMF97813435,과즙폭발 꿀당도 보장 고당도 감귤 2kg + 황금향 2kg,일반,2.0,1,33000.0,23000.0,10000,0.30303030303030304,0,16500.0
YMM251024-00000048,SMF28240458,과즙폭발 꿀당도 보장 감귤 [유라실생],소과,3.0,1,24900.0,24900.0,0,0.0,0,8300.0
YMM251024-00000049,SMF87846210,"2025 첫수확 노지감귤 가정용 3kg, 5kg",소과,5.0,1,24000.0,13300.0,10700,0.44583333333333336,0,4800.0
YMM251024-00000050,SMF87846210,"2025 첫수확 노지감귤 가정용 3kg, 5kg",소과,5.0,1,24000.0,13300.0,10700,0.44583333333333336,0,4800.0
YMM251024-00000052,SMF28240458,과즙폭발 꿀당도 보장 감귤 [유라실생],소과,10.0,2,44900.0,44900.0,0,0.0,0,8980.0
YMM251024-00000053,SMF97813435,과즙폭발 꿀당도 보장 고당도 감귤 2kg + 황금향 2kg,일반,2.0,1,33000.0,23000.0,10000,0.30303030303030304,0,16500.0
YMM251024-00000054,SMF28240458,과즙폭발 꿀당도 보장 감귤 [유라실생],소과,3.0,1,24900.0,24900.0,0,0.0,0,8300.0
YMM251024-00000056,SMF87846210,"2025 첫수확 노지감귤 가정용 3kg, 5kg",소과,10.0,1,35000.0,23000.0,12000,0.34285714285714286,0,3500.0
YMM251024-00000057,SMF28240458,과즙폭발 꿀당도 보장 감귤 [유라실생],소과,3.0,1,24900.0,24900.0,0,0.0,0,8300.0
YMM251024-00000058,SMF28240458,과즙폭발 꿀당도 보장 감귤 [유라실생],소과,3.0,1,24900.0,24900.0,0,0.0,0,8300.0
YMM251024-00000060,SMF97813435,과즙폭발 꿀당도 보장 고당도 감귤 2kg + 황금향 2kg,일반,2.0,1,33000.0,23000.0,10000,0.30303030303030304,0,16500.0
YMM251024-00000062,SMF29718566,제주 산지직송 황금향 선물세트 가정용,소과,3.0,1,32000.0,15800.0,16200,0.50625,0,10666.666666666666
YMM251024-00000063,SMF97813435,과즙폭발 꿀당도 보장 고당도 감귤 2kg + 황금향 2kg,일반,2.0,1,33000.0,23000.0,10000,0.30303030303030304,0,16500.0
YMM251024-00000067,SMF28240458,과즙폭발 꿀당도 보장 감귤 [유라실생],소과,3.0,1,24900.0,24900.0,0,0.0,0,8300.0
YMM251024-00000068,SMF87846210,"2025 첫수확 노지감귤 가정용 3kg, 5kg",소과,3.0,1,17000.0,8800.0,8200,0.4823529411764706,0,5666.666666666667
YMM251024-00000069,SMF87846210,"2025 첫수확 노지감귤 가정용 3kg, 5kg",로얄과,10.0,2,29500.0,18150.0,22700,0.3847457627118644,0,5900.0
YMM251024-00000070,SMF87846210,"2025 첫수확 노지감귤 가정용 3kg, 5kg",소과,5.0,1,24000.0,13300.0,10700,0.44583333333333336,0,4800.0
YMM251024-00000071,SMF87846210,"2025 첫수확 노지감귤 가정용 3kg, 5kg",소과,5.0,1,24000.0,13300.0,10700,0.44583333333333336,0,4800.0
YMM251024-00000073,SMF87846210,"2025 첫수확 노지감귤 가정용 3kg, 5kg",소과,3.0,1,17000.0,8800.0,8200,0.4823529411764706,0,5666.666666666667
YMM251024-00000074,SMF87846210,"2025 첫수확 노지감귤 가정용 3kg, 5kg",로얄과,10.0,1,35000.0,23000.0,12000,0.34285714285714286,0,3500.0
YMM251024-00000077,SMF28240458,과즙폭발 꿀당도 보장 감귤 [유라실생],소과,3.0,1,24900.0,24900.0,0,0.0,0,8300.0
YMM251024-00000079,SMF97813435,과즙폭발 꿀당도 보장 고당도 감귤 2kg + 황금향 2kg,일반,2.0,1,33000.0,23000.0,10000,0.30303030303030304,0,16500.0
YMM251024-00000080,SMF97813435,과즙폭발 꿀당도 보장 고당도 감귤 2kg + 황금향 2kg,일반,2.0,1,33000.0,23000.0,10000,0.30303030303030304,0,16500.0
YMM251024-00000081,SMF87846210,"2025 첫수확 노지감귤 가정용 3kg, 5kg",소과,5.0,1,24000.0,13300.0,10700,0.44583333333333336,0,4800.0
YMM251024-00000082,SMF28240458,과즙폭발 꿀당도 보장 감귤 [유라실생],소과,5.0,1,34900.0,34900.0,0,0.0,0,6980.0
YMM251024-00000083,SMF28240458,과즙폭발 꿀당도 보장 감귤 [유라실생],소과,3.0,1,24900.0,24900.0,0,0.0,0,8300.0
YMM251024-00000084,SMF87846210,"2025 첫수확 노지감귤 가정용 3kg, 5kg",소과,3.0,1,17000.0,8800.0,8200,0.4823529411764706,0,5666.666666666667
YMM251024-00000085,SMF87846210,"2025 첫수확 노지감귤 가정용 3kg, 5kg",소과,10.0,1,35000.0,23000.0,12000,0.34285714285714286,0,3500.0
YMM251024-00000086,SMF28240458,과즙폭발 꿀당도 보장 감귤 [유라실생],소과,3.0,1,24900.0,24900.0,0,0.0,0,8300.0
YMM251024-00000088,SMF28240458,과즙폭발 꿀당도 보장 감귤 [유라실생],소과,3.0,1,24900.0,24900.0,0,0.0,0,8300.0
YMM251024-00000091,SMF28240458,과즙폭발 꿀당도 보장 감귤 [유라실생],소과,3.0,1,24900.0,24900.0,0,0.0,0,8300.0
YMM251024-00000093,SMF87846210,"2025 첫수확 노지감귤 가정용 3kg, 5kg",로얄과,10.0,1,35000.0,23000.0,12000,0.34285714285714286,0,3500.0
YMM251024-00000095,SMF97813435,과즙폭발 꿀당도 보장 고당도 감귤 2kg + 황금향 2kg,일반,2.0,2,33000.0,23000.0,20000,0.30303030303030304,0,33000.0
YMM251024-00000096,SMF28240458,과즙폭발 꿀당도 보장 감귤 [유라실생],소과,3.0,3,24900.0,24900.0,0,0.0,0,24900.0
YMM251024-00000097,SMF87846210,"2025 첫수확 노지감귤 가정용 3kg, 5kg",로얄과,3.0,1,17000.0,8800.0,8200,0.4823529411764706,0,5666.666666666667
YMM251024-00000099,SMF28240458,과즙폭발 꿀당도 보장 감귤 [유라실생],소과,3.0,2,24900.0,24900.0,0,0.0,0,16600.0
YMM251024-00000101,SMF87846210,"2025 첫수확 노지감귤 가정용 3kg, 5kg",로얄과,3.0,1,17000.0,8800.0,8200,0.4823529411764706,0,5666.666666666667
YMM251024-00000102,SMF87846210,"2025 첫수확 노지감귤 가정용 3kg, 5kg",소과,3.0,1,17000.0,8800.0,8200,0.4823529411764706,0,5666.666666666667
YMM251024-00000103,SMF87846210,"2025 첫수확 노지감귤 가정용 3kg, 5kg",소과,5.0,1,24000.0,13300.0,10700,0.44583333333333336,0,4800.0
YMM251024-00000104,SMF28240458,과즙폭발 꿀당도 보장 감귤 [유라실생],소과,3.0,1,24900.0,24900.0,0,0.0,0,8300.0
YMM251024-00000105,SMF87846210,"2025 첫수확 노지감귤 가정용 3kg, 5kg",소과,5.0,1,24000.0,13300.0,10700,0.44583333333333336,0,4800.0
YMM251024-00000106,SMF97813435,과즙폭발 꿀당도 보장 고당도 감귤 2kg + 황금향 2kg,일반,2.0,1,33000.0,23000.0,10000,0.30303030303030304,0,16500.0
YMM251024-00000108,SMF87846210,"2025 첫수확 노지감귤 가정용 3kg, 5kg",소과,5.0,1,24000.0,13300.0,10700,0.44583333333333336,0,4800.0
YMM251024-00000109,SMF97813435,과즙폭발 꿀당도 보장 고당도 감귤 2kg + 황금향 2kg,일반,2.0,1,33000.0,23000.0,10000,0.30303030303030304,0,16500.0
YMM251024-00000110,SMF87846210,"2025 첫수확 노지감귤 가정용 3kg, 5kg",소과,3.0,1,17000.0,8800.0,8200,0.4823529411764706,0,5666.666666666667
YMM251024-00000111,SMF87846210,"2025 첫수확 노지감귤 가정용 3kg, 5kg",소과,3.0,1,17000.0,8800.0,8200,0.4823529411764706,0,5666.666666666667
YMM251024-00000112,SMF87846210,"2025 첫수확 노지감귤 가정용 3kg, 5kg",소과,3.0,1,17000.0,8800.0,8200,0.4823529411764706,0,5666.666666666667
YMM251024-00000113,SMF87846210,"2025 첫수확 노지감귤 가정용 3kg, 5kg",로얄과,3.0,1,17000.0,8800.0,8200,0.4823529411764706,0,5666.666666666667
YMM251024-00000114,SMF29718566,제주 산지직송 황금향 선물세트 가정용,소과,3.0,1,32000.0,15800.0,16200,0.50625,0,10666.666666666666
YMM251024-00000115,SMF29718566,제주 산지직송 황금향 선물세트 가정용,소과,3.0,1,32000.0,15800.0,16200,0.50625,0,10666.666666666666
YMM251024-00000116,SMF97813435,과즙폭발 꿀당도 보장 고당도 감귤 2kg + 황금향 2kg,일반,2.0,1,33000.0,23000.0,10000,0.30303030303030304,0,16500.0
YMM251024-00000117,SMF87846210,"2025 첫수확 노지감귤 가정용 3kg, 5kg",로얄과,3.0,2,17000.0,8800.0,16400,0.4823529411764706,0,11333.333333333334
YMM251024-00000118,SMF87846210,"2025 첫수확 노지감귤 가정용 3kg, 5kg",소과,3.0,1,17000.0,8800.0,8200,0.4823529411764706,0,5666.666666666667
YMM251025-00000002,SMF97813435,과즙폭발 꿀당도 보장 고당도 감귤 2kg + 황금향 2kg,일반,2.0,1,33000.0,23000.0,10000,0.30303030303030304,0,16500.0
YMM251025-00000003,SMF97813435,과즙폭발 꿀당도 보장 고당도 감귤 2kg + 황금향 2kg,일반,2.0,2,33000.0,23000.0,20000,0.30303030303030304,0,33000.0
YMM251025-00000004,SMF97813435,과즙폭발 꿀당도 보장 고당도 감귤 2kg + 황금향 2kg,일반,2.0,2,33000.0,23000.0,20000,0.30303030303030304,0,33000.0
YMM251025-00000006,SMF28240458,과즙폭발 꿀당도 보장 감귤 [유라실생],소과,5.0,1,34900.0,34900.0,0,0.0,0,6980.0
YMM251025-00000007,SMF28240458,과즙폭발 꿀당도 보장 감귤 [유라실생],소과,5.0,1,34900.0,34900.0,0,0.0,0,6980.0
YMM251025-00000008,SMF87846210,"2025 첫수확 노지감귤 가정용 3kg, 5kg",로얄과,3.0,1,17000.0,8800.0,8200,0.4823529411764706,0,5666.666666666667
YMM251025-00000009,SMF28240458,과즙폭발 꿀당도 보장 감귤 [유라실생],소과,3.0,1,24900.0,24900.0,0,0.0,0,8300.0
YMM251025-00000010,SMF97813435,과즙폭발 꿀당도 보장 고당도 감귤 2kg + 황금향 2kg,일반,2.0,1,33000.0,23000.0,10000,0.30303030303030304,0,16500.0
YMM251025-00000011,SMF87846210,"2025 첫수확 노지감귤 가정용 3kg, 5kg",로얄과,3.0,1,17000.0,8800.0,8200,0.4823529411764706,0,5666.666666666667
YMM251025-00000012,SMF97813435,과즙폭발 꿀당도 보장 고당도 감귤 2kg + 황금향 2kg,일반,2.0,2,33000.0,23000.0,20000,0.30303030303030304,0,33000.0
YMM251025-00000014,SMF97813435,과즙폭발 꿀당도 보장 고당도 감귤 2kg + 황금향 2kg,일반,2.0,1,33000.0,23000.0,10000,0.30303030303030304,0,16500.0
YMM251025-00000015,SMF87846210,"2025 첫수확 노지감귤 가정용 3kg, 5kg",로얄과,10.0,1,35000.0,23000.0,12000,0.34285714285714286,0,3500.0
YMM251025-00000016,SMF97813435,과즙폭발 꿀당도 보장 고당도 감귤 2kg + 황금향 2kg,일반,2.0,1,33000.0,23000.0,10000,0.30303030303030304,0,16500.0
YMM251025-00000017,SMF97813435,과즙폭발 꿀당도 보장 고당도 감귤 2kg + 황금향 2kg,일반,2.0,1,33000.0,23000.0,10000,0.30303030303030304,0,16500.0
YMM251025-00000018,SMF97813435,과즙폭발 꿀당도 보장 고당도 감귤 2kg + 황금향 2kg,일반,2.0,1,33000.0,23000.0,10000,0.30303030303030304,0,16500.0
YMM251025-00000019,SMF28240458,과즙폭발 꿀당도 보장 감귤 [유라실생],소과,5.0,1,34900.0,34900.0,0,0.0,0,6980.0
YMM251025-00000020,SMF97813435,과즙폭발 꿀당도 보장 고당도 감귤 2kg + 황금향 2kg,일반,2.0,1,33000.0,23000.0,10000,0.30303030303030304,0,16500.0
YMM251025-00000021,SMF29718566,제주 산지직송 황금향 선물세트 가정용,소과,3.0,1,32000.0,15800.0,16200,0.50625,0,10666.666666666666
YMM251025-00000022,SMF97813435,과즙폭발 꿀당도 보장 고당도 감귤 2kg + 황금향 2kg,일반,2.0,1,33000.0,23000.0,10000,0.30303030303030304,0,16500.0
YMM251025-00000023,SMF87846210,"2025 첫수확 노지감귤 가정용 3kg, 5kg",로얄과,3.0,1,17000.0,8800.0,8200,0.4823529411764706,0,5666.666666666667
YMM251025-00000024,SMF28240458,과즙폭발 꿀당도 보장 감귤 [유라실생],소과,3.0,1,24900.0,24900.0,0,0.0,0,8300.0
YMM251025-00000025,SMF87846210,"2025 첫수확 노지감귤 가정용 3kg, 5kg",로얄과,10.0,1,35000.0,23000.0,12000,0.34285714285714286,0,3500.0
YMM251025-00000028,SMF97813435,과즙폭발 꿀당도 보장 고당도 감귤 2kg + 황금향 2kg,일반,2.0,1,33000.0,23000.0,10000,0.30303030303030304,0,16500.0
YMM251025-00000029,SMF97813435,과즙폭발 꿀당도 보장 고당도 감귤 2kg + 황금향 2kg,일반,2.0,1,33000.0,23000.0,10000,0.30303030303030304,0,16500.0
YMM251025-00000030,SMF29718566,제주 산지직송 황금향 선물세트 가정용,중대과,4.5,1,54000.0,40000.0,14000,0.25925925925925924,0,12000.0
YMM251025-00000031,SMF29718566,제주 산지직송 황금향 선물세트 가정용,중대과,4.5,1,54000.0,40000.0,14000,0.25925925925925924,0,12000.0
YMM251025-00000032,SMF28240458,과즙폭발 꿀당도 보장 감귤 [유라실생],소과,10.0,1,44900.0,44900.0,0,0.0,0,4490.0
YMM251025-00000033,SMF87846210,"2025 첫수확 노지감귤 가정용 3kg, 5kg",로얄과,10.0,1,35000.0,23000.0,12000,0.34285714285714286,0,3500.0
YMM251025-00000035,SMF97813435,과즙폭발 꿀당도 보장 고당도 감귤 2kg + 황금향 2kg,일반,2.0,1,33000.0,23000.0,10000,0.30303030303030304,0,16500.0
YMM251025-00000037,SMF87846210,"2025 첫수확 노지감귤 가정용 3kg, 5kg",로얄과,10.0,1,35000.0,23000.0,12000,0.34285714285714286,0,3500.0
YMM251025-00000038,SMF87846210,"2025 첫수확 노지감귤 가정용 3kg, 5kg",로얄과,5.0,1,24000.0,13300.0,10700,0.44583333333333336,0,4800.0
YMM251025-00000039,SMF97813435,과즙폭발 꿀당도 보장 고당도 감귤 2kg + 황금향 2kg,일반,2.0,1,33000.0,23000.0,10000,0.30303030303030304,0,16500.0
YMM251017-00000001,SMF28240458,과즙폭발 꿀당도 보장 감귤 [유라실생],소과,2.5,1,24900.0,24900.0,0,0.0,0,9960.0
YMM251017-00000002,SMF28240458,과즙폭발 꿀당도 보장 감귤 [유라실생],소과,2.5,1,24900.0,24900.0,0,0.0,0,9960.0
YMM251017-00000003,SMF28240458,과즙폭발 꿀당도 보장 감귤 [유라실생],소과,2.5,1,24900.0,24900.0,0,0.0,0,9960.0
YMM251017-00000004,SMF29718566,제주 산지직송 황금향 선물세트 가정용,중대과,2.5,3,39000.0,25000.0,42000,0.358974358974359,0,46800.0
YMM251017-00000005,SMF29718566,제주 산지직송 황금향 선물세트 가정용,중대과,2.5,3,39000.0,25000.0,42000,0.358974358974359,0,46800.0
YMM251017-00000006,SMF97813435,과즙폭발 꿀당도 보장 고당도 감귤 2kg + 황금향 2kg,소과,4.0,1,35000.0,25000.0,10000,0.2857142857142857,0,8750.0
YMM251017-00000007,SMF28240458,과즙폭발 꿀당도 보장 감귤 [유라실생],소과,5.0,1,34900.0,34900.0,0,0.0,0,6980.0
YMM251017-00000009,SMF97813435,과즙폭발 꿀당도 보장 고당도 감귤 2kg + 황금향 2kg,소과,2.0,1,33000.0,23000.0,10000,0.30303030303030304,0,16500.0
YMM251017-00000011,SMF97813435,과즙폭발 꿀당도 보장 고당도 감귤 2kg + 황금향 2kg,소과,4.0,1,35000.0,25000.0,10000,0.2857142857142857,0,8750.0
YMM251017-00000017,SMF97813435,과즙폭발 꿀당도 보장 고당도 감귤 2kg + 황금향 2kg,소과,2.0,1,33000.0,23000.0,10000,0.30303030303030304,0,16500.0
YMM251017-00000018,SMF28240458,과즙폭발 꿀당도 보장 감귤 [유라실생],소과,5.0,1,34900.0,34900.0,0,0.0,0,6980.0
YMM251017-00000019,SMF28240458,과즙폭발 꿀당도 보장 감귤 [유라실생],소과,2.5,1,24900.0,24900.0,0,0.0,0,9960.0
YMM251017-00000020,SMF97813435,과즙폭발 꿀당도 보장 고당도 감귤 2kg + 황금향 2kg,소과,6.0,1,51000.0,40000.0,11000,0.21568627450980393,0,8500.0
YMM251017-00000021,SMF28240458,과즙폭발 꿀당도 보장 감귤 [유라실생],소과,5.0,1,34900.0,34900.0,0,0.0,0,6980.0
YMM251017-00000022,SMF28240458,과즙폭발 꿀당도 보장 감귤 [유라실생],소과,5.0,1,34900.0,34900.0,0,0.0,0,6980.0
YMM251017-00000023,SMF97813435,과즙폭발 꿀당도 보장 고당도 감귤 2kg + 황금향 2kg,소과,4.0,1,35000.0,25000.0,10000,0.2857142857142857,0,8750.0
YMM251017-00000027,SMF28240458,과즙폭발 꿀당도 보장 감귤 [유라실생],소과,5.0,1,34900.0,34900.0,0,0.0,0,6980.0
YMM251017-00000028,SMF28240458,과즙폭발 꿀당도 보장 감귤 [유라실생],소과,2.5,1,24900.0,24900.0,0,0.0,0,9960.0
YMM251017-00000029,SMF87846210,"2025 첫수확 노지감귤 가정용 3kg, 5kg",소과,3.0,1,17000.0,8800.0,8200,0.4823529411764706,0,5666.666666666667
YMM251017-00000030,SMF87846210,"2025 첫수확 노지감귤 가정용 3kg, 5kg",로얄과,3.0,1,17000.0,8800.0,8200,0.4823529411764706,0,5666.666666666667
YMM251017-00000031,SMF28240458,과즙폭발 꿀당도 보장 감귤 [유라실생],소과,2.5,2,24900.0,24900.0,0,0.0,0,19920.0
YMM251017-00000032,SMF97813435,과즙폭발 꿀당도 보장 고당도 감귤 2kg + 황금향 2kg,소과,4.0,1,35000.0,25000.0,10000,0.2857142857142857,0,8750.0
YMM251017-00000033,SMF28240458,과즙폭발 꿀당도 보장 감귤 [유라실생],소과,5.0,1,34900.0,34900.0,0,0.0,0,6980.0
YMM251017-00000034,SMF97813435,과즙폭발 꿀당도 보장 고당도 감귤 2kg + 황금향 2kg,소과,4.0,1,35000.0,25000.0,10000,0.2857142857142857,0,8750.0
YMM251017-00000035,SMF28240458,과즙폭발 꿀당도 보장 감귤 [유라실생],소과,5.0,1,34900.0,34900.0,0,0.0,0,6980.0
YMM251017-00000036,SMF97813435,과즙폭발 꿀당도 보장 고당도 감귤 2kg + 황금향 2kg,소과,2.0,1,33000.0,23000.0,10000,0.30303030303030304,0,16500.0
YMM251017-00000037,SMF28240458,과즙폭발 꿀당도 보장 감귤 [유라실생],소과,2.5,1,24900.0,24900.0,0,0.0,0,9960.0
YMM251017-00000039,SMF97813435,과즙폭발 꿀당도 보장 고당도 감귤 2kg + 황금향 2kg,소과,4.0,1,35000.0,25000.0,10000,0.2857142857142857,0,8750.0
YMM251017-00000040,SMF28240458,과즙폭발 꿀당도 보장 감귤 [유라실생],소과,2.5,1,24900.0,24900.0,0,0.0,0,9960.0
YMM251017-00000041,SMF87846210,"2025 첫수확 노지감귤 가정용 3kg, 5kg",소과,5.0,1,24000.0,13300.0,10700,0.44583333333333336,0,4800.0
YMM251017-00000042,SMF97813435,과즙폭발 꿀당도 보장 고당도 감귤 2kg + 황금향 2kg,소과,2.0,1,33000.0,23000.0,10000,0.30303030303030304,0,16500.0
YMM251017-00000043,SMF87846210,"2025 첫수확 노지감귤 가정용 3kg, 5kg",소과,5.0,1,24000.0,13300.0,10700,0.44583333333333336,0,4800.0
YMM251017-00000044,SMF28240458,과즙폭발 꿀당도 보장 감귤 [유라실생],소과,5.0,1,34900.0,34900.0,0,0.0,0,6980.0
YMM251017-00000046,SMF28240458,과즙폭발 꿀당도 보장 감귤 [유라실생],소과,2.5,1,24900.0,24900.0,0,0.0,0,9960.0
YMM251017-00000047,SMF87846210,"2025 첫수확 노지감귤 가정용 3kg, 5kg",소과,5.0,1,24000.0,13300.0,10700,0.44583333333333336,0,4800.0
YMM251017-00000048,SMF87846210,"2025 첫수확 노지감귤 가정용 3kg, 5kg",소과,5.0,1,24000.0,13300.0,10700,0.44583333333333336,0,4800.0
YMM251017-00000049,SMF87846210,"2025 첫수확 노지감귤 가정용 3kg, 5kg",소과,5.0,1,24000.0,13300.0,10700,0.44583333333333336,0,4800.0
YMM251017-00000050,SMF28240458,과즙폭발 꿀당도 보장 감귤 [유라실생],소과,5.0,1,34900.0,34900.0,0,0.0,0,6980.0
YMM251017-00000051,SMF87846210,"2025 첫수확 노지감귤 가정용 3kg, 5kg",소과,5.0,1,24000.0,13300.0,10700,0.44583333333333336,0,4800.0
YMM251017-00000052,SMF28240458,과즙폭발 꿀당도 보장 감귤 [유라실생],소과,5.0,1,34900.0,34900.0,0,0.0,0,6980.0
YMM251017-00000054,SMF87846210,"2025 첫수확 노지감귤 가정용 3kg, 5kg",로얄과,3.0,1,17000.0,8800.0,8200,0.4823529411764706,0,5666.666666666667
YMM251017-00000055,SMF28240458,과즙폭발 꿀당도 보장 감귤 [유라실생],소과,2.5,1,24900.0,24900.0,0,0.0,0,9960.0
YMM251017-00000056,SMF28240458,과즙폭발 꿀당도 보장 감귤 [유라실생],소과,5.0,1,34900.0,34900.0,0,0.0,0,6980.0
YMM251017-00000057,SMF28240458,과즙폭발 꿀당도 보장 감귤 [유라실생],소과,5.0,1,34900.0,34900.0,0,0.0,0,6980.0
YMM251017-00000058,SMF28240458,과즙폭발 꿀당도 보장 감귤 [유라실생],소과,5.0,2,34900.0,34900.0,0,0.0,0,13960.0
YMM251017-00000059,SMF97813435,과즙폭발 꿀당도 보장 고당도 감귤 2kg + 황금향 2kg,소과,2.0,1,33000.0,23000.0,10000,0.30303030303030304,0,16500.0
YMM251017-00000060,SMF97813435,과즙폭발 꿀당도 보장 고당도 감귤 2kg + 황금향 2kg,소과,2.0,1,33000.0,23000.0,10000,0.30303030303030304,0,16500.0
YMM251017-00000061,SMF28240458,과즙폭발 꿀당도 보장 감귤 [유라실생],소과,2.5,1,24900.0,24900.0,0,0.0,0,9960.0
YMM251017-00000062,SMF28240458,과즙폭발 꿀당도 보장 감귤 [유라실생],소과,5.0,1,34900.0,34900.0,0,0.0,0,6980.0
YMM251017-00000063,SMF28240458,과즙폭발 꿀당도 보장 감귤 [유라실생],소과,5.0,1,34900.0,34900.0,0,0.0,0,6980.0
YMM251017-00000064,SMF28240458,과즙폭발 꿀당도 보장 감귤 [유라실생],소과,5.0,1,34900.0,34900.0,0,0.0,0,6980.0
YMM251017-00000065,SMF28240458,과즙폭발 꿀당도 보장 감귤 [유라실생],소과,2.5,1,24900.0,24900.0,0,0.0,0,9960.0
YMM251017-00000066,SMF28240458,과즙폭발 꿀당도 보장 감귤 [유라실생],소과,5.0,1,34900.0,34900.0,0,0.0,0,6980.0
YMM251017-00000068,SMF28240458,과즙폭발 꿀당도 보장 감귤 [유라실생],소과,5.0,1,34900.0,34900.0,0,0.0,0,6980.0
YMM251017-00000069,SMF28240458,과즙폭발 꿀당도 보장 감귤 [유라실생],소과,5.0,1,34900.0,34900.0,0,0.0,0,6980.0
YMM251017-00000070,SMF28240458,과즙폭발 꿀당도 보장 감귤 [유라실생],소과,2.5,1,24900.0,24900.0,0,0.0,0,9960.0
YMM251017-00000071,SMF28240458,과즙폭발 꿀당도 보장 감귤 [유라실생],소과,5.0,3,34900.0,34900.0,0,0.0,0,20940.0
YMM251017-00000072,SMF28240458,과즙폭발 꿀당도 보장 감귤 [유라실생],소과,5.0,1,34900.0,34900.0,0,0.0,0,6980.0
YMM251017-00000073,SMF87846210,"2025 첫수확 노지감귤 가정용 3kg, 5kg",소과,5.0,1,24000.0,13300.0,10700,0.44583333333333336,0,4800.0
YMM251017-00000074,SMF87846210,"2025 첫수확 노지감귤 가정용 3kg, 5kg",소과,5.0,1,24000.0,13300.0,10700,0.44583333333333336,0,4800.0
YMM251017-00000077,SMF87846210,"2025 첫수확 노지감귤 가정용 3kg, 5kg",소과,3.0,1,17000.0,8800.0,8200,0.4823529411764706,0,5666.666666666667
YMM251017-00000078,SMF28240458,과즙폭발 꿀당도 보장 감귤 [유라실생],소과,5.0,1,34900.0,34900.0,0,0.0,0,6980.0
YMM251017-00000079,SMF28240458,과즙폭발 꿀당도 보장 감귤 [유라실생],소과,2.5,1,24900.0,24900.0,0,0.0,0,9960.0
YMM251017-00000080,SMF28240458,과즙폭발 꿀당도 보장 감귤 [유라실생],소과,5.0,1,34900.0,34900.0,0,0.0,0,6980.0
YMM251017-00000081,SMF28240458,과즙폭발 꿀당도 보장 감귤 [유라실생],소과,5.0,1,34900.0,34900.0,0,0.0,0,6980.0
YMM251017-00000082,SMF87846210,"2025 첫수확 노지감귤 가정용 3kg, 5kg",소과,5.0,2,24000.0,13300.0,21400,0.44583333333333336,0,9600.0
YMM251017-00000083,SMF28240458,과즙폭발 꿀당도 보장 감귤 [유라실생],소과,2.5,1,24900.0,24900.0,0,0.0,0,9960.0
YMM251017-00000084,SMF28240458,과즙폭발 꿀당도 보장 감귤 [유라실생],소과,2.5,2,24900.0,24900.0,0,0.0,0,19920.0
YMM251017-00000085,SMF28240458,과즙폭발 꿀당도 보장 감귤 [유라실생],소과,2.5,1,24900.0,24900.0,0,0.0,0,9960.0
YMM251017-00000086,SMF87846210,"2025 첫수확 노지감귤 가정용 3kg, 5kg",소과,3.0,1,17000.0,8800.0,8200,0.4823529411764706,0,5666.666666666667
YMM251017-00000088,SMF28240458,과즙폭발 꿀당도 보장 감귤 [유라실생],소과,2.5,1,24900.0,24900.0,0,0.0,0,9960.0
YMM251017-00000089,SMF87846210,"2025 첫수확 노지감귤 가정용 3kg, 5kg",로얄과,10.0,1,35000.0,23000.0,12000,0.34285714285714286,0,3500.0
YMM251017-00000090,SMF28240458,과즙폭발 꿀당도 보장 감귤 [유라실생],소과,2.5,1,24900.0,24900.0,0,0.0,0,9960.0
YMM251017-00000091,SMF87846210,"2025 첫수확 노지감귤 가정용 3kg, 5kg",로얄과,10.0,1,35000.0,23000.0,12000,0.34285714285714286,0,3500.0
YMM251017-00000092,SMF28240458,과즙폭발 꿀당도 보장 감귤 [유라실생],소과,5.0,1,34900.0,34900.0,0,0.0,0,6980.0
YMM251017-00000093,SMF28240458,과즙폭발 꿀당도 보장 감귤 [유라실생],소과,5.0,1,34900.0,34900.0,0,0.0,0,6980.0
YMM251017-00000096,SMF28240458,과즙폭발 꿀당도 보장 감귤 [유라실생],소과,2.5,1,24900.0,24900.0,0,0.0,0,9960.0
YMM251017-00000097,SMF87846210,"2025 첫수확 노지감귤 가정용 3kg, 5kg",소과,5.0,2,24000.0,13300.0,21400,0.44583333333333336,0,9600.0
YMM251017-00000098,SMF28240458,과즙폭발 꿀당도 보장 감귤 [유라실생],소과,2.5,1,24900.0,24900.0,0,0.0,0,9960.0
YMM251017-00000100,SMF28240458,과즙폭발 꿀당도 보장 감귤 [유라실생],소과,2.5,1,24900.0,24900.0,0,0.0,0,9960.0
YMM251017-00000101,SMF28240458,과즙폭발 꿀당도 보장 감귤 [유라실생],소과,5.0,1,34900.0,34900.0,0,0.0,0,6980.0
YMM251017-00000102,SMF28240458,과즙폭발 꿀당도 보장 감귤 [유라실생],소과,5.0,1,34900.0,34900.0,0,0.0,0,6980.0
YMM251017-00000103,SMF28240458,과즙폭발 꿀당도 보장 감귤 [유라실생],소과,2.5,2,24900.0,24900.0,0,0.0,0,19920.0
YMM251017-00000104,SMF28240458,과즙폭발 꿀당도 보장 감귤 [유라실생],소과,2.5,1,24900.0,24900.0,0,0.0,0,9960.0
YMM251017-00000105,SMF28240458,과즙폭발 꿀당도 보장 감귤 [유라실생],소과,2.5,1,24900.0,24900.0,0,0.0,0,9960.0
YMM251017-00000106,SMF97813435,과즙폭발 꿀당도 보장 고당도 감귤 2kg + 황금향 2kg,소과,6.0,1,51000.0,40000.0,11000,0.21568627450980393,0,8500.0
YMM251017-00000107,SMF28240458,과즙폭발 꿀당도 보장 감귤 [유라실생],소과,2.5,1,24900.0,24900.0,0,0.0,0,9960.0
YMM251017-00000108,SMF28240458,과즙폭발 꿀당도 보장 감귤 [유라실생],소과,5.0,1,34900.0,34900.0,0,0.0,0,6980.0
YMM251017-00000109,SMF87846210,"2025 첫수확 노지감귤 가정용 3kg, 5kg",소과,5.0,1,24000.0,13300.0,10700,0.44583333333333336,0,4800.0
YMM251017-00000111,SMF87846210,"2025 첫수확 노지감귤 가정용 3kg, 5kg",소과,5.0,1,24000.0,13300.0,10700,0.44583333333333336,0,4800.0
YMM251017-00000112,SMF28240458,과즙폭발 꿀당도 보장 감귤 [유라실생],소과,2.5,1,24900.0,24900.0,0,0.0,0,9960.0
YMM251017-00000113,SMF87846210,"2025 첫수확 노지감귤 가정용 3kg, 5kg",소과,5.0,1,24000.0,13300.0,10700,0.44583333333333336,0,4800.0
YMM251017-00000114,SMF87846210,"2025 첫수확 노지감귤 가정용 3kg, 5kg",소과,5.0,1,24000.0,13300.0,10700,0.44583333333333336,0,4800.0
YMM251017-00000115,SMF28240458,과즙폭발 꿀당도 보장 감귤 [유라실생],소과,2.5,1,24900.0,24900.0,0,0.0,0,9960.0
YMM251017-00000116,SMF87846210,"2025 첫수확 노지감귤 가정용 3kg, 5kg",소과,5.0,1,24000.0,13300.0,10700,0.44583333333333336,0,4800.0
YMM251017-00000117,SMF87846210,"2025 첫수확 노지감귤 가정용 3kg, 5kg",소과,5.0,1,24000.0,13300.0,10700,0.44583333333333336,0,4800.0
YMM251017-00000118,SMF87846210,"2025 첫수확 노지감귤 가정용 3kg, 5kg",소과,5.0,1,24000.0,13300.0,10700,0.44583333333333336,0,4800.0
YMM251017-00000119,SMF29718566,제주 산지직송 황금향 선물세트 가정용,소과,5.0,1,42000.0,25000.0,17000,0.40476190476190477,0,8400.0
YMM251017-00000120,SMF87846210,"2025 첫수확 노지감귤 가정용 3kg, 5kg",소과,5.0,1,24000.0,13300.0,10700,0.44583333333333336,0,4800.0
YMM251017-00000121,SMF28240458,과즙폭발 꿀당도 보장 감귤 [유라실생],소과,5.0,1,34900.0,34900.0,0,0.0,0,6980.0
YMM251017-00000122,SMF28240458,과즙폭발 꿀당도 보장 감귤 [유라실생],소과,5.0,1,34900.0,34900.0,0,0.0,0,6980.0
YMM251017-00000123,SMF28240458,과즙폭발 꿀당도 보장 감귤 [유라실생],소과,5.0,1,34900.0,34900.0,0,0.0,0,6980.0
YMM251017-00000124,SMF28240458,과즙폭발 꿀당도 보장 감귤 [유라실생],소과,2.5,1,24900.0,24900.0,0,0.0,0,9960.0
YMM251017-00000125,SMF28240458,과즙폭발 꿀당도 보장 감귤 [유라실생],소과,5.0,1,34900.0,34900.0,0,0.0,0,6980.0
YMM251017-00000126,SMF28240458,과즙폭발 꿀당도 보장 감귤 [유라실생],소과,5.0,2,34900.0,34900.0,0,0.0,0,13960.0
YMM251017-00000127,SMF28240458,과즙폭발 꿀당도 보장 감귤 [유라실생],소과,5.0,1,34900.0,34900.0,0,0.0,0,6980.0
YMM251017-00000128,SMF29718566,제주 산지직송 황금향 선물세트 가정용,중대과,2.5,1,39000.0,25000.0,14000,0.358974358974359,0,15600.0
YMM251017-00000129,SMF28240458,과즙폭발 꿀당도 보장 감귤 [유라실생],소과,5.0,1,34900.0,34900.0,0,0.0,0,6980.0
YMM251017-00000130,SMF87846210,"2025 첫수확 노지감귤 가정용 3kg, 5kg",소과,5.0,1,24000.0,13300.0,10700,0.44583333333333336,0,4800.0
YMM251017-00000131,SMF28240458,과즙폭발 꿀당도 보장 감귤 [유라실생],소과,2.5,1,24900.0,24900.0,0,0.0,0,9960.0
YMM251017-00000132,SMF87846210,"2025 첫수확 노지감귤 가정용 3kg, 5kg",소과,3.0,10,17000.0,8800.0,82000,0.4823529411764706,0,56666.666666666664
YMM251017-00000133,SMF29718566,제주 산지직송 황금향 선물세트 가정용,중대과,2.5,2,39000.0,25000.0,28000,0.358974358974359,0,31200.0
YMM251017-00000134,SMF28240458,과즙폭발 꿀당도 보장 감귤 [유라실생],소과,5.0,1,34900.0,34900.0,0,0.0,0,6980.0
YMM251017-00000135,SMF97813435,과즙폭발 꿀당도 보장 고당도 감귤 2kg + 황금향 2kg,소과,2.0,1,33000.0,23000.0,10000,0.30303030303030304,0,16500.0
YMM251017-00000136,SMF28240458,과즙폭발 꿀당도 보장 감귤 [유라실생],소과,5.0,2,34900.0,34900.0,0,0.0,0,13960.0
YMM251017-00000137,SMF28240458,과즙폭발 꿀당도 보장 감귤 [유라실생],소과,5.0,1,34900.0,34900.0,0,0.0,0,6980.0
YMM251017-00000138,SMF28240458,과즙폭발 꿀당도 보장 감귤 [유라실생],소과,2.5,1,24900.0,24900.0,0,0.0,0,9960.0
YMM251017-00000139,SMF28240458,과즙폭발 꿀당도 보장 감귤 [유라실생],소과,2.5,1,24900.0,24900.0,0,0.0,0,9960.0
YMM251017-00000140,SMF28240458,과즙폭발 꿀당도 보장 감귤 [유라실생],소과,2.5,1,24900.0,24900.0,0,0.0,0,9960.0
YMM251017-00000141,SMF87846210,"2025 첫수확 노지감귤 가정용 3kg, 5kg",소과,3.0,1,17000.0,8800.0,8200,0.4823529411764706,0,5666.666666666667
YMM251017-00000142,SMF87846210,"2025 첫수확 노지감귤 가정용 3kg, 5kg",소과,3.0,1,17000.0,8800.0,8200,0.4823529411764706,0,5666.666666666667
YMM251017-00000143,SMF28240458,과즙폭발 꿀당도 보장 감귤 [유라실생],소과,2.5,1,24900.0,24900.0,0,0.0,0,9960.0
YMM251017-00000144,SMF28240458,과즙폭발 꿀당도 보장 감귤 [유라실생],소과,5.0,1,34900.0,34900.0,0,0.0,0,6980.0
YMM251017-00000145,SMF87846210,"2025 첫수확 노지감귤 가정용 3kg, 5kg",소과,3.0,1,17000.0,8800.0,8200,0.4823529411764706,0,5666.666666666667
YMM251017-00000146,SMF87846210,"2025 첫수확 노지감귤 가정용 3kg, 5kg",소과,3.0,1,17000.0,8800.0,8200,0.4823529411764706,0,5666.666666666667
YMM251017-00000147,SMF87846210,"2025 첫수확 노지감귤 가정용 3kg, 5kg",소과,3.0,1,17000.0,8800.0,8200,0.4823529411764706,0,5666.666666666667
YMM251017-00000150,SMF28240458,과즙폭발 꿀당도 보장 감귤 [유라실생],소과,2.5,1,24900.0,24900.0,0,0.0,0,9960.0
YMM251017-00000151,SMF28240458,과즙폭발 꿀당도 보장 감귤 [유라실생],소과,2.5,1,24900.0,24900.0,0,0.0,0,9960.0
YMM251017-00000152,SMF28240458,과즙폭발 꿀당도 보장 감귤 [유라실생],소과,2.5,3,31566.666666666668,31566.666666666668,0,0.0,0,37880.0
YMM251017-00000153,SMF28240458,과즙폭발 꿀당도 보장 감귤 [유라실생],소과,2.5,1,24900.0,24900.0,0,0.0,0,9960.0
YMM251017-00000154,SMF28240458,과즙폭발 꿀당도 보장 감귤 [유라실생],소과,2.5,1,24900.0,24900.0,0,0.0,0,9960.0
YMM251017-00000155,SMF97813435,과즙폭발 꿀당도 보장 고당도 감귤 2kg + 황금향 2kg,소과,6.0,1,51000.0,40000.0,11000,0.21568627450980393,0,8500.0
YMM251017-00000156,SMF28240458,과즙폭발 꿀당도 보장 감귤 [유라실생],소과,2.5,1,24900.0,24900.0,0,0.0,0,9960.0
YMM251017-00000157,SMF28240458,과즙폭발 꿀당도 보장 감귤 [유라실생],소과,2.5,1,24900.0,24900.0,0,0.0,0,9960.0
YMM251017-00000158,SMF28240458,과즙폭발 꿀당도 보장 감귤 [유라실생],소과,5.0,1,34900.0,34900.0,0,0.0,0,6980.0
YMM251017-00000159,SMF28240458,과즙폭발 꿀당도 보장 감귤 [유라실생],소과,2.5,1,24900.0,24900.0,0,0.0,0,9960.0
YMM251017-00000160,SMF97813435,과즙폭발 꿀당도 보장 고당도 감귤 2kg + 황금향 2kg,소과,2.0,1,33000.0,23000.0,10000,0.30303030303030304,0,16500.0
YMM251017-00000161,SMF28240458,과즙폭발 꿀당도 보장 감귤 [유라실생],소과,5.0,1,34900.0,34900.0,0,0.0,0,6980.0
YMM251017-00000162,SMF28240458,과즙폭발 꿀당도 보장 감귤 [유라실생],소과,2.5,1,24900.0,24900.0,0,0.0,0,9960.0
YMM251017-00000163,SMF28240458,과즙폭발 꿀당도 보장 감귤 [유라실생],소과,2.5,1,24900.0,24900.0,0,0.0,0,9960.0
YMM251017-00000164,SMF29718566,제주 산지직송 황금향 선물세트 가정용,중대과,4.5,1,54000.0,40000.0,14000,0.25925925925925924,0,12000.0
YMM251017-00000165,SMF97813435,과즙폭발 꿀당도 보장 고당도 감귤 2kg + 황금향 2kg,소과,4.0,1,35000.0,25000.0,10000,0.2857142857142857,0,8750.0
YMM251017-00000166,SMF28240458,과즙폭발 꿀당도 보장 감귤 [유라실생],소과,5.0,1,34900.0,34900.0,0,0.0,0,6980.0
YMM251017-00000167,SMF87846210,"2025 첫수확 노지감귤 가정용 3kg, 5kg",소과,10.0,1,35000.0,23000.0,12000,0.34285714285714286,0,3500.0
YMM251017-00000168,SMF28240458,과즙폭발 꿀당도 보장 감귤 [유라실생],소과,5.0,1,34900.0,34900.0,0,0.0,0,6980.0
YMM251017-00000169,SMF28240458,과즙폭발 꿀당도 보장 감귤 [유라실생],소과,2.5,1,24900.0,24900.0,0,0.0,0,9960.0
YMM251017-00000170,SMF28240458,과즙폭발 꿀당도 보장 감귤 [유라실생],소과,5.0,1,34900.0,34900.0,0,0.0,0,6980.0
YMM251017-00000171,SMF28240458,과즙폭발 꿀당도 보장 감귤 [유라실생],소과,2.5,1,24900.0,24900.0,0,0.0,0,9960.0
YMM251017-00000172,SMF87846210,"2025 첫수확 노지감귤 가정용 3kg, 5kg",로얄과,5.0,1,24000.0,13300.0,10700,0.44583333333333336,0,4800.0
YMM251017-00000176,SMF28240458,과즙폭발 꿀당도 보장 감귤 [유라실생],소과,2.5,1,24900.0,24900.0,0,0.0,0,9960.0
YMM251017-00000177,SMF28240458,과즙폭발 꿀당도 보장 감귤 [유라실생],소과,2.5,1,24900.0,24900.0,0,0.0,0,9960.0
YMM251017-00000178,SMF28240458,과즙폭발 꿀당도 보장 감귤 [유라실생],소과,2.5,1,24900.0,24900.0,0,0.0,0,9960.0
YMM251017-00000179,SMF28240458,과즙폭발 꿀당도 보장 감귤 [유라실생],소과,2.5,1,24900.0,24900.0,0,0.0,0,9960.0
YMM251017-00000180,SMF87846210,"2025 첫수확 노지감귤 가정용 3kg, 5kg",로얄과,10.0,1,35000.0,23000.0,12000,0.34285714285714286,0,3500.0
YMM251017-00000181,SMF87846210,"2025 첫수확 노지감귤 가정용 3kg, 5kg",로얄과,5.0,1,24000.0,13300.0,10700,0.44583333333333336,0,4800.0
YMM251017-00000182,SMF28240458,과즙폭발 꿀당도 보장 감귤 [유라실생],소과,2.5,1,24900.0,24900.0,0,0.0,0,9960.0
YMM251017-00000183,SMF28240458,과즙폭발 꿀당도 보장 감귤 [유라실생],소과,5.0,1,34900.0,34900.0,0,0.0,0,6980.0
YMM251017-00000184,SMF28240458,과즙폭발 꿀당도 보장 감귤 [유라실생],소과,5.0,1,34900.0,34900.0,0,0.0,0,6980.0
YMM251017-00000185,SMF28240458,과즙폭발 꿀당도 보장 감귤 [유라실생],소과,5.0,1,34900.0,34900.0,0,0.0,0,6980.0
YMM251017-00000186,SMF28240458,과즙폭발 꿀당도 보장 감귤 [유라실생],소과,5.0,1,34900.0,34900.0,0,0.0,0,6980.0
YMM251017-00000187,SMF28240458,과즙폭발 꿀당도 보장 감귤 [유라실생],소과,5.0,1,34900.0,34900.0,0,0.0,0,6980.0
YMM251017-00000188,SMF97813435,과즙폭발 꿀당도 보장 고당도 감귤 2kg + 황금향 2kg,소과,2.0,2,42000.0,31500.0,21000,0.25,0,42000.0
YMM251017-00000189,SMF28240458,과즙폭발 꿀당도 보장 감귤 [유라실생],소과,2.5,1,24900.0,24900.0,0,0.0,0,9960.0
YMM251017-00000190,SMF28240458,과즙폭발 꿀당도 보장 감귤 [유라실생],소과,5.0,1,34900.0,34900.0,0,0.0,0,6980.0
YMM251017-00000191,SMF28240458,과즙폭발 꿀당도 보장 감귤 [유라실생],소과,2.5,1,24900.0,24900.0,0,0.0,0,9960.0
YMM251017-00000192,SMF28240458,과즙폭발 꿀당도 보장 감귤 [유라실생],소과,5.0,1,34900.0,34900.0,0,0.0,0,6980.0
YMM251017-00000193,SMF28240458,과즙폭발 꿀당도 보장 감귤 [유라실생],소과,2.5,1,24900.0,24900.0,0,0.0,0,9960.0
YMM251017-00000194,SMF28240458,과즙폭발 꿀당도 보장 감귤 [유라실생],소과,2.5,1,24900.0,24900.0,0,0.0,0,9960.0
YMM251017-00000196,SMF28240458,과즙폭발 꿀당도 보장 감귤 [유라실생],소과,5.0,1,34900.0,34900.0,0,0.0,0,6980.0
YMM251017-00000197,SMF28240458,과즙폭발 꿀당도 보장 감귤 [유라실생],소과,5.0,1,34900.0,34900.0,0,0.0,0,6980.0
YMM251017-00000198,SMF28240458,과즙폭발 꿀당도 보장 감귤 [유라실생],소과,2.5,1,24900.0,24900.0,0,0.0,0,9960.0
YMM251017-00000199,SMF29718566,제주 산지직송 황금향 선물세트 가정용,소과,3.0,1,32000.0,15800.0,16200,0.50625,0,10666.666666666666
YMM251017-00000201,SMF87846210,"2025 첫수확 노지감귤 가정용 3kg, 5kg",소과,3.0,1,17000.0,8800.0,8200,0.4823529411764706,0,5666.666666666667
YMM251017-00000202,SMF28240458,과즙폭발 꿀당도 보장 감귤 [유라실생],소과,2.5,1,24900.0,24900.0,0,0.0,0,9960.0
YMM251017-00000203,SMF28240458,과즙폭발 꿀당도 보장 감귤 [유라실생],소과,5.0,1,34900.0,34900.0,0,0.0,0,6980.0
YMM251017-00000204,SMF28240458,과즙폭발 꿀당도 보장 감귤 [유라실생],소과,2.5,1,24900.0,24900.0,0,0.0,0,9960.0
YMM251017-00000205,SMF28240458,과즙폭발 꿀당도 보장 감귤 [유라실생],소과,5.0,1,34900.0,34900.0,0,0.0,0,6980.0
YMM251017-00000206,SMF28240458,과즙폭발 꿀당도 보장 감귤 [유라실생],소과,2.5,1,24900.0,24900.0,0,0.0,0,9960.0
YMM251017-00000207,SMF28240458,과즙폭발 꿀당도 보장 감귤 [유라실생],소과,5.0,1,34900.0,34900.0,0,0.0,0,6980.0
YMM251017-00000208,SMF28240458,과즙폭발 꿀당도 보장 감귤 [유라실생],소과,2.5,1,24900.0,24900.0,0,0.0,0,9960.0
YMM251017-00000209,SMF28240458,과즙폭발 꿀당도 보장 감귤 [유라실생],소과,2.5,1,24900.0,24900.0,0,0.0,0,9960.0
YMM251017-00000213,SMF28240458,과즙폭발 꿀당도 보장 감귤 [유라실생],소과,2.5,1,24900.0,24900.0,0,0.0,0,9960.0
YMM251017-00000214,SMF28240458,과즙폭발 꿀당도 보장 감귤 [유라실생],소과,5.0,1,34900.0,34900.0,0,0.0,0,6980.0
YMM251017-00000215,SMF28240458,과즙폭발 꿀당도 보장 감귤 [유라실생],소과,2.5,1,24900.0,24900.0,0,0.0,0,9960.0
YMM251017-00000216,SMF97813435,과즙폭발 꿀당도 보장 고당도 감귤 2kg + 황금향 2kg,소과,2.0,1,33000.0,23000.0,10000,0.30303030303030304,0,16500.0
YMM251017-00000218,SMF28240458,과즙폭발 꿀당도 보장 감귤 [유라실생],소과,5.0,1,34900.0,34900.0,0,0.0,0,6980.0
YMM251017-00000219,SMF97813435,과즙폭발 꿀당도 보장 고당도 감귤 2kg + 황금향 2kg,소과,2.0,1,33000.0,23000.0,10000,0.30303030303030304,0,16500.0
YMM251017-00000220,SMF97813435,과즙폭발 꿀당도 보장 고당도 감귤 2kg + 황금향 2kg,소과,2.0,2,33000.0,23000.0,20000,0.30303030303030304,0,33000.0
YMM251017-00000221,SMF28240458,과즙폭발 꿀당도 보장 감귤 [유라실생],소과,2.5,1,24900.0,24900.0,0,0.0,0,9960.0
YMM251017-00000222,SMF97813435,과즙폭발 꿀당도 보장 고당도 감귤 2kg + 황금향 2kg,소과,2.0,1,33000.0,23000.0,10000,0.30303030303030304,0,16500.0
YMM251017-00000223,SMF97813435,과즙폭발 꿀당도 보장 고당도 감귤 2kg + 황금향 2kg,소과,2.0,1,33000.0,23000.0,10000,0.30303030303030304,0,16500.0
YMM251017-00000224,SMF28240458,과즙폭발 꿀당도 보장 감귤 [유라실생],소과,5.0,1,34900.0,34900.0,0,0.0,0,6980.0
YMM251017-00000225,SMF97813435,과즙폭발 꿀당도 보장 고당도 감귤 2kg + 황금향 2kg,소과,2.0,1,33000.0,23000.0,10000,0.30303030303030304,0,16500.0
YMM251017-00000226,SMF97813435,과즙폭발 꿀당도 보장 고당도 감귤 2kg + 황금향 2kg,소과,4.0,1,35000.0,25000.0,10000,0.2857142857142857,0,8750.0
YMM251017-00000227,SMF87846210,"2025 첫수확 노지감귤 가정용 3kg, 5kg",소과,5.0,1,24000.0,13300.0,10700,0.44583333333333336,0,4800.0
YMM251017-00000228,SMF87846210,"2025 첫수확 노지감귤 가정용 3kg, 5kg",로얄과,3.0,1,17000.0,8800.0,8200,0.4823529411764706,0,5666.666666666667
YMM251017-00000229,SMF97813435,과즙폭발 꿀당도 보장 고당도 감귤 2kg + 황금향 2kg,소과,2.0,2,34000.0,24000.0,20000,0.29411764705882354,0,34000.0
YMM251017-00000230,SMF97813435,과즙폭발 꿀당도 보장 고당도 감귤 2kg + 황금향 2kg,소과,2.0,1,33000.0,23000.0,10000,0.30303030303030304,0,16500.0
YMM251017-00000231,SMF97813435,과즙폭발 꿀당도 보장 고당도 감귤 2kg + 황금향 2kg,소과,2.0,1,33000.0,23000.0,10000,0.30303030303030304,0,16500.0
YMM251017-00000232,SMF97813435,과즙폭발 꿀당도 보장 고당도 감귤 2kg + 황금향 2kg,소과,2.0,1,33000.0,23000.0,10000,0.30303030303030304,0,16500.0
YMM251017-00000233,SMF97813435,과즙폭발 꿀당도 보장 고당도 감귤 2kg + 황금향 2kg,소과,2.0,1,33000.0,23000.0,10000,0.30303030303030304,0,16500.0
YMM251017-00000234,SMF97813435,과즙폭발 꿀당도 보장 고당도 감귤 2kg + 황금향 2kg,소과,4.0,2,34000.0,24000.0,20000,0.29411764705882354,0,17000.0
YMM251017-00000235,SMF28240458,과즙폭발 꿀당도 보장 감귤 [유라실생],소과,5.0,2,34900.0,34900.0,0,0.0,0,13960.0
YMM251017-00000236,SMF97813435,과즙폭발 꿀당도 보장 고당도 감귤 2kg + 황금향 2kg,소과,2.0,1,33000.0,23000.0,10000,0.30303030303030304,0,16500.0
YMM251017-00000237,SMF97813435,과즙폭발 꿀당도 보장 고당도 감귤 2kg + 황금향 2kg,소과,2.0,1,33000.0,23000.0,10000,0.30303030303030304,0,16500.0
YMM251017-00000238,SMF97813435,과즙폭발 꿀당도 보장 고당도 감귤 2kg + 황금향 2kg,소과,2.0,1,33000.0,23000.0,10000,0.30303030303030304,0,16500.0
YMM251017-00000239,SMF97813435,과즙폭발 꿀당도 보장 고당도 감귤 2kg + 황금향 2kg,소과,2.0,1,33000.0,23000.0,10000,0.30303030303030304,0,16500.0
YMM251017-00000240,SMF97813435,과즙폭발 꿀당도 보장 고당도 감귤 2kg + 황금향 2kg,소과,2.0,1,33000.0,23000.0,10000,0.30303030303030304,0,16500.0
YMM251017-00000241,SMF87846210,"2025 첫수확 노지감귤 가정용 3kg, 5kg",소과,5.0,1,24000.0,13300.0,10700,0.44583333333333336,0,4800.0
YMM251017-00000242,SMF28240458,과즙폭발 꿀당도 보장 감귤 [유라실생],소과,2.5,1,24900.0,24900.0,0,0.0,0,9960.0
YMM251017-00000243,SMF97813435,과즙폭발 꿀당도 보장 고당도 감귤 2kg + 황금향 2kg,소과,2.0,1,33000.0,23000.0,10000,0.30303030303030304,0,16500.0
YMM251017-00000244,SMF97813435,과즙폭발 꿀당도 보장 고당도 감귤 2kg + 황금향 2kg,소과,2.0,1,33000.0,23000.0,10000,0.30303030303030304,0,16500.0
YMM251017-00000245,SMF97813435,과즙폭발 꿀당도 보장 고당도 감귤 2kg + 황금향 2kg,소과,2.0,1,33000.0,23000.0,10000,0.30303030303030304,0,16500.0
YMM251017-00000248,SMF28240458,과즙폭발 꿀당도 보장 감귤 [유라실생],소과,5.0,1,34900.0,34900.0,0,0.0,0,6980.0
YMM251017-00000249,SMF97813435,과즙폭발 꿀당도 보장 고당도 감귤 2kg + 황금향 2kg,소과,2.0,1,33000.0,23000.0,10000,0.30303030303030304,0,16500.0
YMM251017-00000250,SMF28240458,과즙폭발 꿀당도 보장 감귤 [유라실생],소과,5.0,1,34900.0,34900.0,0,0.0,0,6980.0
YMM251017-00000251,SMF97813435,과즙폭발 꿀당도 보장 고당도 감귤 2kg + 황금향 2kg,소과,2.0,1,33000.0,23000.0,10000,0.30303030303030304,0,16500.0
YMM251017-00000252,SMF28240458,과즙폭발 꿀당도 보장 감귤 [유라실생],소과,2.5,1,24900.0,24900.0,0,0.0,0,9960.0
YMM251017-00000253,SMF28240458,과즙폭발 꿀당도 보장 감귤 [유라실생],소과,5.0,1,34900.0,34900.0,0,0.0,0,6980.0
YMM251017-00000254,SMF97813435,과즙폭발 꿀당도 보장 고당도 감귤 2kg + 황금향 2kg,소과,2.0,1,33000.0,23000.0,10000,0.30303030303030304,0,16500.0
YMM251017-00000255,SMF97813435,과즙폭발 꿀당도 보장 고당도 감귤 2kg + 황금향 2kg,소과,2.0,1,33000.0,23000.0,10000,0.30303030303030304,0,16500.0
YMM251017-00000256,SMF97813435,과즙폭발 꿀당도 보장 고당도 감귤 2kg + 황금향 2kg,소과,6.0,2,42000.0,31500.0,21000,0.25,0,14000.0
YMM251017-00000257,SMF28240458,과즙폭발 꿀당도 보장 감귤 [유라실생],소과,5.0,1,34900.0,34900.0,0,0.0,0,6980.0
YMM251017-00000259,SMF97813435,과즙폭발 꿀당도 보장 고당도 감귤 2kg + 황금향 2kg,소과,2.0,1,33000.0,23000.0,10000,0.30303030303030304,0,16500.0
YMM251017-00000260,SMF97813435,과즙폭발 꿀당도 보장 고당도 감귤 2kg + 황금향 2kg,소과,2.0,1,33000.0,23000.0,10000,0.30303030303030304,0,16500.0
YMM251017-00000262,SMF28240458,과즙폭발 꿀당도 보장 감귤 [유라실생],소과,2.5,1,24900.0,24900.0,0,0.0,0,9960.0
YMM251017-00000263,SMF28240458,과즙폭발 꿀당도 보장 감귤 [유라실생],소과,2.5,1,24900.0,24900.0,0,0.0,0,9960.0
YMM251017-00000264,SMF97813435,과즙폭발 꿀당도 보장 고당도 감귤 2kg + 황금향 2kg,소과,2.0,1,33000.0,23000.0,10000,0.30303030303030304,0,16500.0
YMM251017-00000265,SMF97813435,과즙폭발 꿀당도 보장 고당도 감귤 2kg + 황금향 2kg,소과,2.0,1,33000.0,23000.0,10000,0.30303030303030304,0,16500.0
YMM251017-00000266,SMF29718566,제주 산지직송 황금향 선물세트 가정용,중대과,2.5,1,39000.0,25000.0,14000,0.358974358974359,0,15600.0
YMM251017-00000268,SMF97813435,과즙폭발 꿀당도 보장 고당도 감귤 2kg + 황금향 2kg,소과,6.0,2,51000.0,40000.0,22000,0.21568627450980393,0,17000.0
YMM251017-00000269,SMF28240458,과즙폭발 꿀당도 보장 감귤 [유라실생],소과,2.5,1,24900.0,24900.0,0,0.0,0,9960.0
YMM251017-00000270,SMF97813435,과즙폭발 꿀당도 보장 고당도 감귤 2kg + 황금향 2kg,소과,4.0,1,35000.0,25000.0,10000,0.2857142857142857,0,8750.0
YMM251017-00000271,SMF97813435,과즙폭발 꿀당도 보장 고당도 감귤 2kg + 황금향 2kg,소과,2.0,1,33000.0,23000.0,10000,0.30303030303030304,0,16500.0
YMM251017-00000273,SMF97813435,과즙폭발 꿀당도 보장 고당도 감귤 2kg + 황금향 2kg,소과,2.0,1,33000.0,23000.0,10000,0.30303030303030304,0,16500.0
YMM251017-00000275,SMF97813435,과즙폭발 꿀당도 보장 고당도 감귤 2kg + 황금향 2kg,소과,4.0,1,35000.0,25000.0,10000,0.2857142857142857,0,8750.0
YMM251017-00000276,SMF28240458,과즙폭발 꿀당도 보장 감귤 [유라실생],소과,2.5,1,24900.0,24900.0,0,0.0,0,9960.0
YMM251017-00000277,SMF28240458,과즙폭발 꿀당도 보장 감귤 [유라실생],소과,2.5,1,24900.0,24900.0,0,0.0,0,9960.0
YMM251017-00000278,SMF97813435,과즙폭발 꿀당도 보장 고당도 감귤 2kg + 황금향 2kg,소과,4.0,1,35000.0,25000.0,10000,0.2857142857142857,0,8750.0
YMM251017-00000279,SMF28240458,과즙폭발 꿀당도 보장 감귤 [유라실생],소과,5.0,1,34900.0,34900.0,0,0.0,0,6980.0
YMM251017-00000280,SMF97813435,과즙폭발 꿀당도 보장 고당도 감귤 2kg + 황금향 2kg,소과,2.0,1,33000.0,23000.0,10000,0.30303030303030304,0,16500.0
YMM251017-00000281,SMF28240458,과즙폭발 꿀당도 보장 감귤 [유라실생],소과,5.0,1,34900.0,34900.0,0,0.0,0,6980.0
YMM251017-00000283,SMF97813435,과즙폭발 꿀당도 보장 고당도 감귤 2kg + 황금향 2kg,소과,2.0,1,33000.0,23000.0,10000,0.30303030303030304,0,16500.0
YMM251017-00000284,SMF97813435,과즙폭발 꿀당도 보장 고당도 감귤 2kg + 황금향 2kg,소과,2.0,1,33000.0,23000.0,10000,0.30303030303030304,0,16500.0
YMM251017-00000285,SMF97813435,과즙폭발 꿀당도 보장 고당도 감귤 2kg + 황금향 2kg,소과,2.0,1,33000.0,23000.0,10000,0.30303030303030304,0,16500.0
YMM251017-00000286,SMF28240458,과즙폭발 꿀당도 보장 감귤 [유라실생],소과,2.5,1,24900.0,24900.0,0,0.0,0,9960.0
YMM251017-00000287,SMF29718566,제주 산지직송 황금향 선물세트 가정용,중대과,2.5,1,39000.0,25000.0,14000,0.358974358974359,0,15600.0
YMM251017-00000288,SMF28240458,과즙폭발 꿀당도 보장 감귤 [유라실생],소과,2.5,1,24900.0,24900.0,0,0.0,0,9960.0
YMM251017-00000289,SMF97813435,과즙폭발 꿀당도 보장 고당도 감귤 2kg + 황금향 2kg,소과,2.0,1,33000.0,23000.0,10000,0.30303030303030304,0,16500.0
YMM251017-00000290,SMF28240458,과즙폭발 꿀당도 보장 감귤 [유라실생],소과,2.5,1,24900.0,24900.0,0,0.0,0,9960.0
YMM251017-00000293,SMF28240458,과즙폭발 꿀당도 보장 감귤 [유라실생],소과,5.0,1,34900.0,34900.0,0,0.0,0,6980.0
YMM251017-00000295,SMF97813435,과즙폭발 꿀당도 보장 고당도 감귤 2kg + 황금향 2kg,소과,2.0,1,33000.0,23000.0,10000,0.30303030303030304,0,16500.0
YMM251017-00000296,SMF28240458,과즙폭발 꿀당도 보장 감귤 [유라실생],소과,2.5,1,24900.0,24900.0,0,0.0,0,9960.0
YMM251017-00000297,SMF28240458,과즙폭발 꿀당도 보장 감귤 [유라실생],소과,5.0,1,34900.0,34900.0,0,0.0,0,6980.0
YMM251017-00000298,SMF28240458,과즙폭발 꿀당도 보장 감귤 [유라실생],소과,2.5,2,24900.0,24900.0,0,0.0,0,19920.0
YMM251017-00000301,SMF28240458,과즙폭발 꿀당도 보장 감귤 [유라실생],소과,2.5,1,24900.0,24900.0,0,0.0,0,9960.0
YMM251017-00000302,SMF97813435,과즙폭발 꿀당도 보장 고당도 감귤 2kg + 황금향 2kg,소과,6.0,1,51000.0,40000.0,11000,0.21568627450980393,0,8500.0
YMM251017-00000303,SMF28240458,과즙폭발 꿀당도 보장 감귤 [유라실생],소과,5.0,1,34900.0,34900.0,0,0.0,0,6980.0
YMM251017-00000304,SMF28240458,과즙폭발 꿀당도 보장 감귤 [유라실생],소과,5.0,1,34900.0,34900.0,0,0.0,0,6980.0
YMM251017-00000305,SMF28240458,과즙폭발 꿀당도 보장 감귤 [유라실생],소과,5.0,1,34900.0,34900.0,0,0.0,0,6980.0
YMM251017-00000306,SMF28240458,과즙폭발 꿀당도 보장 감귤 [유라실생],소과,2.5,1,24900.0,24900.0,0,0.0,0,9960.0
YMM251017-00000307,SMF97813435,과즙폭발 꿀당도 보장 고당도 감귤 2kg + 황금향 2kg,소과,2.0,1,33000.0,23000.0,10000,0.30303030303030304,0,16500.0
YMM251017-00000308,SMF28240458,과즙폭발 꿀당도 보장 감귤 [유라실생],소과,2.5,1,24900.0,24900.0,0,0.0,0,9960.0
YMM251017-00000309,SMF97813435,과즙폭발 꿀당도 보장 고당도 감귤 2kg + 황금향 2kg,소과,2.0,1,33000.0,23000.0,10000,0.30303030303030304,0,16500.0
YMM251017-00000310,SMF28240458,과즙폭발 꿀당도 보장 감귤 [유라실생],소과,5.0,1,34900.0,34900.0,0,0.0,0,6980.0
YMM251017-00000311,SMF87846210,"2025 첫수확 노지감귤 가정용 3kg, 5kg",로얄과,3.0,1,17000.0,8800.0,8200,0.4823529411764706,0,5666.666666666667
YMM251017-00000312,SMF97813435,과즙폭발 꿀당도 보장 고당도 감귤 2kg + 황금향 2kg,소과,2.0,1,33000.0,23000.0,10000,0.30303030303030304,0,16500.0
YMM251017-00000313,SMF97813435,과즙폭발 꿀당도 보장 고당도 감귤 2kg + 황금향 2kg,소과,2.0,1,33000.0,23000.0,10000,0.30303030303030304,0,16500.0
YMM251017-00000315,SMF28240458,과즙폭발 꿀당도 보장 감귤 [유라실생],소과,5.0,1,34900.0,34900.0,0,0.0,0,6980.0
YMM251017-00000317,SMF28240458,과즙폭발 꿀당도 보장 감귤 [유라실생],소과,2.5,1,24900.0,24900.0,0,0.0,0,9960.0
YMM251017-00000318,SMF28240458,과즙폭발 꿀당도 보장 감귤 [유라실생],소과,2.5,1,24900.0,24900.0,0,0.0,0,9960.0
YMM251017-00000319,SMF28240458,과즙폭발 꿀당도 보장 감귤 [유라실생],소과,5.0,1,34900.0,34900.0,0,0.0,0,6980.0
YMM251017-00000320,SMF28240458,과즙폭발 꿀당도 보장 감귤 [유라실생],소과,5.0,1,34900.0,34900.0,0,0.0,0,6980.0
YMM251017-00000323,SMF97813435,과즙폭발 꿀당도 보장 고당도 감귤 2kg + 황금향 2kg,소과,2.0,1,33000.0,23000.0,10000,0.30303030303030304,0,16500.0
YMM251017-00000324,SMF28240458,과즙폭발 꿀당도 보장 감귤 [유라실생],소과,5.0,2,34900.0,34900.0,0,0.0,0,13960.0
YMM251017-00000325,SMF28240458,과즙폭발 꿀당도 보장 감귤 [유라실생],소과,5.0,1,34900.0,34900.0,0,0.0,0,6980.0
YMM251017-00000326,SMF28240458,과즙폭발 꿀당도 보장 감귤 [유라실생],소과,2.5,1,24900.0,24900.0,0,0.0,0,9960.0
YMM251017-00000327,SMF28240458,과즙폭발 꿀당도 보장 감귤 [유라실생],소과,2.5,1,24900.0,24900.0,0,0.0,0,9960.0
YMM251017-00000328,SMF87846210,"2025 첫수확 노지감귤 가정용 3kg, 5kg",소과,3.0,1,17000.0,8800.0,8200,0.4823529411764706,0,5666.666666666667
YMM251017-00000329,SMF28240458,과즙폭발 꿀당도 보장 감귤 [유라실생],소과,2.5,1,24900.0,24900.0,0,0.0,0,9960.0
YMM251017-00000330,SMF28240458,과즙폭발 꿀당도 보장 감귤 [유라실생],소과,2.5,1,24900.0,24900.0,0,0.0,0,9960.0
YMM251017-00000332,SMF97813435,과즙폭발 꿀당도 보장 고당도 감귤 2kg + 황금향 2kg,소과,2.0,1,33000.0,23000.0,10000,0.30303030303030304,0,16500.0
YMM251017-00000333,SMF87846210,"2025 첫수확 노지감귤 가정용 3kg, 5kg",소과,3.0,1,17000.0,8800.0,8200,0.4823529411764706,0,5666.666666666667
YMM251017-00000334,SMF97813435,과즙폭발 꿀당도 보장 고당도 감귤 2kg + 황금향 2kg,소과,2.0,1,33000.0,23000.0,10000,0.30303030303030304,0,16500.0
YMM251017-00000335,SMF97813435,과즙폭발 꿀당도 보장 고당도 감귤 2kg + 황금향 2kg,소과,2.0,1,33000.0,23000.0,10000,0.30303030303030304,0,16500.0
YMM251017-00000336,SMF97813435,과즙폭발 꿀당도 보장 고당도 감귤 2kg + 황금향 2kg,소과,4.0,2,34000.0,24000.0,20000,0.29411764705882354,0,17000.0
YMM251017-00000337,SMF97813435,과즙폭발 꿀당도 보장 고당도 감귤 2kg + 황금향 2kg,소과,2.0,1,33000.0,23000.0,10000,0.30303030303030304,0,16500.0
YMM251017-00000338,SMF97813435,과즙폭발 꿀당도 보장 고당도 감귤 2kg + 황금향 2kg,소과,2.0,1,33000.0,23000.0,10000,0.30303030303030304,0,16500.0
YMM251017-00000339,SMF28240458,과즙폭발 꿀당도 보장 감귤 [유라실생],소과,2.5,1,24900.0,24900.0,0,0.0,0,9960.0
YMM251017-00000340,SMF28240458,과즙폭발 꿀당도 보장 감귤 [유라실생],소과,5.0,1,34900.0,34900.0,0,0.0,0,6980.0
YMM251017-00000341,SMF28240458,과즙폭발 꿀당도 보장 감귤 [유라실생],소과,5.0,1,34900.0,34900.0,0,0.0,0,6980.0
YMM251017-00000342,SMF28240458,과즙폭발 꿀당도 보장 감귤 [유라실생],소과,5.0,1,34900.0,34900.0,0,0.0,0,6980.0
YMM251017-00000343,SMF87846210,"2025 첫수확 노지감귤 가정용 3kg, 5kg",소과,3.0,1,17000.0,8800.0,8200,0.4823529411764706,0,5666.666666666667
YMM251017-00000344,SMF28240458,과즙폭발 꿀당도 보장 감귤 [유라실생],소과,5.0,1,34900.0,34900.0,0,0.0,0,6980.0
YMM251017-00000346,SMF28240458,과즙폭발 꿀당도 보장 감귤 [유라실생],소과,2.5,1,24900.0,24900.0,0,0.0,0,9960.0
YMM251017-00000347,SMF28240458,과즙폭발 꿀당도 보장 감귤 [유라실생],소과,5.0,1,34900.0,34900.0,0,0.0,0,6980.0
YMM251017-00000348,SMF97813435,과즙폭발 꿀당도 보장 고당도 감귤 2kg + 황금향 2kg,소과,2.0,1,33000.0,23000.0,10000,0.30303030303030304,0,16500.0
YMM251017-00000349,SMF28240458,과즙폭발 꿀당도 보장 감귤 [유라실생],소과,2.5,1,24900.0,24900.0,0,0.0,0,9960.0
YMM251017-00000350,SMF97813435,과즙폭발 꿀당도 보장 고당도 감귤 2kg + 황금향 2kg,소과,4.0,1,35000.0,25000.0,10000,0.2857142857142857,0,8750.0
YMM251017-00000351,SMF28240458,과즙폭발 꿀당도 보장 감귤 [유라실생],소과,5.0,1,34900.0,34900.0,0,0.0,0,6980.0
YMM251017-00000352,SMF28240458,과즙폭발 꿀당도 보장 감귤 [유라실생],소과,2.5,1,24900.0,24900.0,0,0.0,0,9960.0
YMM251017-00000353,SMF28240458,과즙폭발 꿀당도 보장 감귤 [유라실생],소과,5.0,1,34900.0,34900.0,0,0.0,0,6980.0
YMM251017-00000354,SMF97813435,과즙폭발 꿀당도 보장 고당도 감귤 2kg + 황금향 2kg,소과,2.0,1,33000.0,23000.0,10000,0.30303030303030304,0,16500.0
YMM251017-00000355,SMF97813435,과즙폭발 꿀당도 보장 고당도 감귤 2kg + 황금향 2kg,소과,2.0,1,33000.0,23000.0,10000,0.30303030303030304,0,16500.0
YMM251017-00000356,SMF28240458,과즙폭발 꿀당도 보장 감귤 [유라실생],소과,5.0,1,34900.0,34900.0,0,0.0,0,6980.0
YMM251018-00000003,SMF97813435,과즙폭발 꿀당도 보장 고당도 감귤 2kg + 황금향 2kg,소과,4.0,2,34000.0,24000.0,20000,0.29411764705882354,0,17000.0
YMM251018-00000006,SMF28240458,과즙폭발 꿀당도 보장 감귤 [유라실생],소과,2.5,1,24900.0,24900.0,0,0.0,0,9960.0
YMM251018-00000007,SMF87846210,"2025 첫수확 노지감귤 가정용 3kg, 5kg",소과,3.0,1,17000.0,8800.0,8200,0.4823529411764706,0,5666.666666666667
YMM251018-00000008,SMF28240458,과즙폭발 꿀당도 보장 감귤 [유라실생],소과,5.0,1,34900.0,34900.0,0,0.0,0,6980.0
YMM251018-00000009,SMF28240458,과즙폭발 꿀당도 보장 감귤 [유라실생],소과,2.5,1,24900.0,24900.0,0,0.0,0,9960.0
YMM251018-00000011,SMF28240458,과즙폭발 꿀당도 보장 감귤 [유라실생],소과,5.0,1,34900.0,34900.0,0,0.0,0,6980.0
YMM251018-00000012,SMF97813435,과즙폭발 꿀당도 보장 고당도 감귤 2kg + 황금향 2kg,소과,2.0,1,33000.0,23000.0,10000,0.30303030303030304,0,16500.0
YMM251018-00000013,SMF97813435,과즙폭발 꿀당도 보장 고당도 감귤 2kg + 황금향 2kg,소과,2.0,1,33000.0,23000.0,10000,0.30303030303030304,0,16500.0
YMM251018-00000014,SMF97813435,과즙폭발 꿀당도 보장 고당도 감귤 2kg + 황금향 2kg,소과,2.0,1,33000.0,23000.0,10000,0.30303030303030304,0,16500.0
YMM251018-00000015,SMF97813435,과즙폭발 꿀당도 보장 고당도 감귤 2kg + 황금향 2kg,소과,2.0,1,33000.0,23000.0,10000,0.30303030303030304,0,16500.0
YMM251018-00000016,SMF97813435,과즙폭발 꿀당도 보장 고당도 감귤 2kg + 황금향 2kg,소과,2.0,1,33000.0,23000.0,10000,0.30303030303030304,0,16500.0
YMM251018-00000017,SMF28240458,과즙폭발 꿀당도 보장 감귤 [유라실생],소과,5.0,1,34900.0,34900.0,0,0.0,0,6980.0
YMM251018-00000018,SMF28240458,과즙폭발 꿀당도 보장 감귤 [유라실생],소과,5.0,1,34900.0,34900.0,0,0.0,0,6980.0
YMM251018-00000019,SMF97813435,과즙폭발 꿀당도 보장 고당도 감귤 2kg + 황금향 2kg,소과,6.0,1,51000.0,40000.0,11000,0.21568627450980393,0,8500.0
YMM251018-00000020,SMF97813435,과즙폭발 꿀당도 보장 고당도 감귤 2kg + 황금향 2kg,소과,2.0,1,33000.0,23000.0,10000,0.30303030303030304,0,16500.0
YMM251018-00000021,SMF97813435,과즙폭발 꿀당도 보장 고당도 감귤 2kg + 황금향 2kg,소과,4.0,1,35000.0,25000.0,10000,0.2857142857142857,0,8750.0
YMM251018-00000023,SMF97813435,과즙폭발 꿀당도 보장 고당도 감귤 2kg + 황금향 2kg,소과,2.0,1,33000.0,23000.0,10000,0.30303030303030304,0,16500.0
YMM251018-00000024,SMF97813435,과즙폭발 꿀당도 보장 고당도 감귤 2kg + 황금향 2kg,소과,2.0,1,33000.0,23000.0,10000,0.30303030303030304,0,16500.0
YMM251018-00000025,SMF28240458,과즙폭발 꿀당도 보장 감귤 [유라실생],소과,5.0,1,34900.0,34900.0,0,0.0,0,6980.0
YMM251018-00000026,SMF97813435,과즙폭발 꿀당도 보장 고당도 감귤 2kg + 황금향 2kg,소과,6.0,2,42000.0,31500.0,21000,0.25,0,14000.0
YMM251018-00000027,SMF97813435,과즙폭발 꿀당도 보장 고당도 감귤 2kg + 황금향 2kg,소과,4.0,2,34000.0,24000.0,20000,0.29411764705882354,0,17000.0
YMM251018-00000028,SMF28240458,과즙폭발 꿀당도 보장 감귤 [유라실생],소과,2.5,1,24900.0,24900.0,0,0.0,0,9960.0
YMM251018-00000029,SMF97813435,과즙폭발 꿀당도 보장 고당도 감귤 2kg + 황금향 2kg,소과,6.0,1,51000.0,40000.0,11000,0.21568627450980393,0,8500.0
YMM251018-00000032,SMF28240458,과즙폭발 꿀당도 보장 감귤 [유라실생],소과,5.0,2,34900.0,34900.0,0,0.0,0,13960.0
YMM251018-00000033,SMF87846210,"2025 첫수확 노지감귤 가정용 3kg, 5kg",소과,5.0,1,24000.0,13300.0,10700,0.44583333333333336,0,4800.0
YMM251018-00000034,SMF87846210,"2025 첫수확 노지감귤 가정용 3kg, 5kg",소과,5.0,1,24000.0,13300.0,10700,0.44583333333333336,0,4800.0
YMM251018-00000035,SMF28240458,과즙폭발 꿀당도 보장 감귤 [유라실생],소과,5.0,1,34900.0,34900.0,0,0.0,0,6980.0
YMM251018-00000036,SMF97813435,과즙폭발 꿀당도 보장 고당도 감귤 2kg + 황금향 2kg,소과,6.0,1,51000.0,40000.0,11000,0.21568627450980393,0,8500.0
YMM251018-00000037,SMF97813435,과즙폭발 꿀당도 보장 고당도 감귤 2kg + 황금향 2kg,소과,4.0,1,35000.0,25000.0,10000,0.2857142857142857,0,8750.0
YMM251018-00000038,SMF97813435,과즙폭발 꿀당도 보장 고당도 감귤 2kg + 황금향 2kg,소과,4.0,1,35000.0,25000.0,10000,0.2857142857142857,0,8750.0
YMM251018-00000040,SMF97813435,과즙폭발 꿀당도 보장 고당도 감귤 2kg + 황금향 2kg,소과,2.0,1,33000.0,23000.0,10000,0.30303030303030304,0,16500.0
YMM251018-00000041,SMF28240458,과즙폭발 꿀당도 보장 감귤 [유라실생],소과,2.5,1,24900.0,24900.0,0,0.0,0,9960.0
YMM251018-00000042,SMF28240458,과즙폭발 꿀당도 보장 감귤 [유라실생],소과,5.0,1,34900.0,34900.0,0,0.0,0,6980.0
YMM251018-00000043,SMF97813435,과즙폭발 꿀당도 보장 고당도 감귤 2kg + 황금향 2kg,소과,2.0,3,33000.0,23000.0,30000,0.30303030303030304,0,49500.0
YMM251018-00000044,SMF28240458,과즙폭발 꿀당도 보장 감귤 [유라실생],소과,2.5,1,24900.0,24900.0,0,0.0,0,9960.0
YMM251018-00000045,SMF28240458,과즙폭발 꿀당도 보장 감귤 [유라실생],소과,5.0,1,34900.0,34900.0,0,0.0,0,6980.0
YMM251018-00000046,SMF97813435,과즙폭발 꿀당도 보장 고당도 감귤 2kg + 황금향 2kg,소과,2.0,1,33000.0,23000.0,10000,0.30303030303030304,0,16500.0
YMM251018-00000049,SMF28240458,과즙폭발 꿀당도 보장 감귤 [유라실생],소과,5.0,2,34900.0,34900.0,0,0.0,0,13960.0
YMM251018-00000051,SMF28240458,과즙폭발 꿀당도 보장 감귤 [유라실생],소과,2.5,1,24900.0,24900.0,0,0.0,0,9960.0
YMM251018-00000052,SMF28240458,과즙폭발 꿀당도 보장 감귤 [유라실생],소과,5.0,2,34900.0,34900.0,0,0.0,0,13960.0
YMM251018-00000053,SMF97813435,과즙폭발 꿀당도 보장 고당도 감귤 2kg + 황금향 2kg,소과,2.0,1,33000.0,23000.0,10000,0.30303030303030304,0,16500.0
YMM251018-00000054,SMF28240458,과즙폭발 꿀당도 보장 감귤 [유라실생],소과,5.0,2,34900.0,34900.0,0,0.0,0,13960.0
YMM251018-00000055,SMF97813435,과즙폭발 꿀당도 보장 고당도 감귤 2kg + 황금향 2kg,소과,2.0,1,33000.0,23000.0,10000,0.30303030303030304,0,16500.0
YMM251018-00000058,SMF87846210,"2025 첫수확 노지감귤 가정용 3kg, 5kg",소과,5.0,3,19333.333333333332,10300.0,27100,0.4672413793103448,0,11600.0
YMM251018-00000059,SMF97813435,과즙폭발 꿀당도 보장 고당도 감귤 2kg + 황금향 2kg,소과,4.0,2,34000.0,24000.0,20000,0.29411764705882354,0,17000.0
YMM251018-00000060,SMF28240458,과즙폭발 꿀당도 보장 감귤 [유라실생],소과,5.0,1,34900.0,34900.0,0,0.0,0,6980.0
YMM251018-00000061,SMF28240458,과즙폭발 꿀당도 보장 감귤 [유라실생],소과,5.0,1,34900.0,34900.0,0,0.0,0,6980.0
YMM251018-00000062,SMF97813435,과즙폭발 꿀당도 보장 고당도 감귤 2kg + 황금향 2kg,소과,2.0,1,33000.0,23000.0,10000,0.30303030303030304,0,16500.0
YMM251018-00000064,SMF97813435,과즙폭발 꿀당도 보장 고당도 감귤 2kg + 황금향 2kg,소과,2.0,1,33000.0,23000.0,10000,0.30303030303030304,0,16500.0
YMM251018-00000065,SMF87846210,"2025 첫수확 노지감귤 가정용 3kg, 5kg",로얄과,3.0,1,17000.0,8800.0,8200,0.4823529411764706,0,5666.666666666667
YMM251018-00000066,SMF28240458,과즙폭발 꿀당도 보장 감귤 [유라실생],소과,2.5,1,24900.0,24900.0,0,0.0,0,9960.0
YMM251018-00000069,SMF28240458,과즙폭발 꿀당도 보장 감귤 [유라실생],소과,2.5,1,24900.0,24900.0,0,0.0,0,9960.0
YMM251018-00000070,SMF28240458,과즙폭발 꿀당도 보장 감귤 [유라실생],소과,2.5,1,24900.0,24900.0,0,0.0,0,9960.0
YMM251018-00000072,SMF28240458,과즙폭발 꿀당도 보장 감귤 [유라실생],소과,5.0,1,34900.0,34900.0,0,0.0,0,6980.0
YMM251018-00000073,SMF97813435,과즙폭발 꿀당도 보장 고당도 감귤 2kg + 황금향 2kg,소과,2.0,1,33000.0,23000.0,10000,0.30303030303030304,0,16500.0
YMM251018-00000074,SMF87846210,"2025 첫수확 노지감귤 가정용 3kg, 5kg",소과,10.0,1,35000.0,23000.0,12000,0.34285714285714286,0,3500.0
YMM251018-00000075,SMF97813435,과즙폭발 꿀당도 보장 고당도 감귤 2kg + 황금향 2kg,소과,4.0,2,34000.0,24000.0,20000,0.29411764705882354,0,17000.0
YMM251018-00000076,SMF28240458,과즙폭발 꿀당도 보장 감귤 [유라실생],소과,2.5,1,24900.0,24900.0,0,0.0,0,9960.0
YMM251018-00000077,SMF28240458,과즙폭발 꿀당도 보장 감귤 [유라실생],소과,5.0,1,34900.0,34900.0,0,0.0,0,6980.0
YMM251018-00000079,SMF28240458,과즙폭발 꿀당도 보장 감귤 [유라실생],소과,2.5,1,24900.0,24900.0,0,0.0,0,9960.0
YMM251018-00000080,SMF28240458,과즙폭발 꿀당도 보장 감귤 [유라실생],소과,5.0,1,34900.0,34900.0,0,0.0,0,6980.0
YMM251018-00000081,SMF28240458,과즙폭발 꿀당도 보장 감귤 [유라실생],소과,5.0,1,34900.0,34900.0,0,0.0,0,6980.0
YMM251018-00000082,SMF28240458,과즙폭발 꿀당도 보장 감귤 [유라실생],소과,2.5,1,24900.0,24900.0,0,0.0,0,9960.0
YMM251018-00000083,SMF28240458,과즙폭발 꿀당도 보장 감귤 [유라실생],소과,2.5,1,24900.0,24900.0,0,0.0,0,9960.0
YMM251018-00000084,SMF28240458,과즙폭발 꿀당도 보장 감귤 [유라실생],소과,5.0,1,34900.0,34900.0,0,0.0,0,6980.0
YMM251018-00000085,SMF28240458,과즙폭발 꿀당도 보장 감귤 [유라실생],소과,2.5,1,24900.0,24900.0,0,0.0,0,9960.0
YMM251018-00000086,SMF87846210,"2025 첫수확 노지감귤 가정용 3kg, 5kg",소과,3.0,1,17000.0,8800.0,8200,0.4823529411764706,0,5666.666666666667
YMM251018-00000087,SMF97813435,과즙폭발 꿀당도 보장 고당도 감귤 2kg + 황금향 2kg,소과,4.0,1,35000.0,25000.0,10000,0.2857142857142857,0,8750.0
YMM251018-00000089,SMF97813435,과즙폭발 꿀당도 보장 고당도 감귤 2kg + 황금향 2kg,소과,2.0,1,33000.0,23000.0,10000,0.30303030303030304,0,16500.0
YMM251018-00000090,SMF28240458,과즙폭발 꿀당도 보장 감귤 [유라실생],소과,5.0,1,34900.0,34900.0,0,0.0,0,6980.0
YMM251018-00000092,SMF97813435,과즙폭발 꿀당도 보장 고당도 감귤 2kg + 황금향 2kg,소과,2.0,1,33000.0,23000.0,10000,0.30303030303030304,0,16500.0
YMM251018-00000094,SMF97813435,과즙폭발 꿀당도 보장 고당도 감귤 2kg + 황금향 2kg,소과,2.0,1,33000.0,23000.0,10000,0.30303030303030304,0,16500.0
YMM251018-00000096,SMF28240458,과즙폭발 꿀당도 보장 감귤 [유라실생],소과,2.5,1,24900.0,24900.0,0,0.0,0,9960.0
YMM251018-00000097,SMF28240458,과즙폭발 꿀당도 보장 감귤 [유라실생],소과,5.0,1,34900.0,34900.0,0,0.0,0,6980.0
YMM251018-00000099,SMF28240458,과즙폭발 꿀당도 보장 감귤 [유라실생],소과,5.0,1,34900.0,34900.0,0,0.0,0,6980.0
YMM251018-00000100,SMF97813435,과즙폭발 꿀당도 보장 고당도 감귤 2kg + 황금향 2kg,소과,2.0,1,33000.0,23000.0,10000,0.30303030303030304,0,16500.0
YMM251018-00000101,SMF87846210,"2025 첫수확 노지감귤 가정용 3kg, 5kg",로얄과,5.0,1,24000.0,13300.0,10700,0.44583333333333336,0,4800.0
YMM251018-00000102,SMF29718566,제주 산지직송 황금향 선물세트 가정용,중대과,2.5,1,39000.0,25000.0,14000,0.358974358974359,0,15600.0
YMM251018-00000103,SMF87846210,"2025 첫수확 노지감귤 가정용 3kg, 5kg",소과,5.0,1,24000.0,13300.0,10700,0.44583333333333336,0,4800.0
YMM251018-00000104,SMF97813435,과즙폭발 꿀당도 보장 고당도 감귤 2kg + 황금향 2kg,소과,2.0,1,33000.0,23000.0,10000,0.30303030303030304,0,16500.0
YMM251018-00000105,SMF29718566,제주 산지직송 황금향 선물세트 가정용,중대과,2.5,1,39000.0,25000.0,14000,0.358974358974359,0,15600.0
YMM251018-00000106,SMF28240458,과즙폭발 꿀당도 보장 감귤 [유라실생],소과,5.0,1,34900.0,34900.0,0,0.0,0,6980.0
YMM251018-00000110,SMF28240458,과즙폭발 꿀당도 보장 감귤 [유라실생],소과,2.5,1,24900.0,24900.0,0,0.0,0,9960.0
YMM251018-00000111,SMF28240458,과즙폭발 꿀당도 보장 감귤 [유라실생],소과,2.5,1,24900.0,24900.0,0,0.0,0,9960.0
YMM251018-00000112,SMF28240458,과즙폭발 꿀당도 보장 감귤 [유라실생],소과,5.0,1,34900.0,34900.0,0,0.0,0,6980.0
YMM251018-00000113,SMF28240458,과즙폭발 꿀당도 보장 감귤 [유라실생],소과,5.0,1,34900.0,34900.0,0,0.0,0,6980.0
YMM251018-00000114,SMF28240458,과즙폭발 꿀당도 보장 감귤 [유라실생],소과,5.0,1,34900.0,34900.0,0,0.0,0,6980.0
YMM251018-00000116,SMF28240458,과즙폭발 꿀당도 보장 감귤 [유라실생],소과,2.5,1,24900.0,24900.0,0,0.0,0,9960.0
YMM251018-00000117,SMF97813435,과즙폭발 꿀당도 보장 고당도 감귤 2kg + 황금향 2kg,소과,4.0,1,35000.0,25000.0,10000,0.2857142857142857,0,8750.0
YMM251018-00000118,SMF28240458,과즙폭발 꿀당도 보장 감귤 [유라실생],소과,2.5,1,24900.0,24900.0,0,0.0,0,9960.0
YMM251018-00000119,SMF97813435,과즙폭발 꿀당도 보장 고당도 감귤 2kg + 황금향 2kg,소과,2.0,1,33000.0,23000.0,10000,0.30303030303030304,0,16500.0
YMM251018-00000120,SMF87846210,"2025 첫수확 노지감귤 가정용 3kg, 5kg",소과,3.0,1,17000.0,8800.0,8200,0.4823529411764706,0,5666.666666666667
YMM251018-00000121,SMF28240458,과즙폭발 꿀당도 보장 감귤 [유라실생],소과,5.0,1,34900.0,34900.0,0,0.0,0,6980.0
YMM251018-00000122,SMF28240458,과즙폭발 꿀당도 보장 감귤 [유라실생],소과,2.5,1,24900.0,24900.0,0,0.0,0,9960.0
YMM251018-00000124,SMF28240458,과즙폭발 꿀당도 보장 감귤 [유라실생],소과,5.0,1,34900.0,34900.0,0,0.0,0,6980.0
YMM251018-00000125,SMF28240458,과즙폭발 꿀당도 보장 감귤 [유라실생],소과,2.5,1,24900.0,24900.0,0,0.0,0,9960.0
YMM251018-00000126,SMF28240458,과즙폭발 꿀당도 보장 감귤 [유라실생],소과,5.0,1,34900.0,34900.0,0,0.0,0,6980.0
YMM251018-00000127,SMF28240458,과즙폭발 꿀당도 보장 감귤 [유라실생],소과,5.0,1,34900.0,34900.0,0,0.0,0,6980.0
YMM251018-00000128,SMF28240458,과즙폭발 꿀당도 보장 감귤 [유라실생],소과,5.0,1,34900.0,34900.0,0,0.0,0,6980.0
YMM251018-00000129,SMF28240458,과즙폭발 꿀당도 보장 감귤 [유라실생],소과,2.5,1,24900.0,24900.0,0,0.0,0,9960.0
YMM251018-00000130,SMF28240458,과즙폭발 꿀당도 보장 감귤 [유라실생],소과,5.0,1,34900.0,34900.0,0,0.0,0,6980.0
YMM251018-00000131,SMF28240458,과즙폭발 꿀당도 보장 감귤 [유라실생],소과,5.0,1,34900.0,34900.0,0,0.0,0,6980.0
YMM251018-00000132,SMF28240458,과즙폭발 꿀당도 보장 감귤 [유라실생],소과,5.0,1,34900.0,34900.0,0,0.0,0,6980.0
YMM251018-00000133,SMF87846210,"2025 첫수확 노지감귤 가정용 3kg, 5kg",소과,5.0,1,24000.0,13300.0,10700,0.44583333333333336,0,4800.0
YMM251018-00000134,SMF28240458,과즙폭발 꿀당도 보장 감귤 [유라실생],소과,5.0,1,34900.0,34900.0,0,0.0,0,6980.0
YMM251018-00000135,SMF28240458,과즙폭발 꿀당도 보장 감귤 [유라실생],소과,5.0,1,34900.0,34900.0,0,0.0,0,6980.0
YMM251018-00000137,SMF28240458,과즙폭발 꿀당도 보장 감귤 [유라실생],소과,2.5,1,24900.0,24900.0,0,0.0,0,9960.0
YMM251018-00000138,SMF28240458,과즙폭발 꿀당도 보장 감귤 [유라실생],소과,5.0,1,34900.0,34900.0,0,0.0,0,6980.0
YMM251018-00000139,SMF28240458,과즙폭발 꿀당도 보장 감귤 [유라실생],소과,5.0,1,34900.0,34900.0,0,0.0,0,6980.0
YMM251018-00000140,SMF28240458,과즙폭발 꿀당도 보장 감귤 [유라실생],소과,5.0,1,34900.0,34900.0,0,0.0,0,6980.0
YMM251018-00000141,SMF87846210,"2025 첫수확 노지감귤 가정용 3kg, 5kg",로얄과,5.0,1,24000.0,13300.0,10700,0.44583333333333336,0,4800.0
YMM251018-00000142,SMF97813435,과즙폭발 꿀당도 보장 고당도 감귤 2kg + 황금향 2kg,소과,2.0,1,33000.0,23000.0,10000,0.30303030303030304,0,16500.0
YMM251018-00000144,SMF28240458,과즙폭발 꿀당도 보장 감귤 [유라실생],소과,2.5,1,24900.0,24900.0,0,0.0,0,9960.0
YMM251018-00000145,SMF28240458,과즙폭발 꿀당도 보장 감귤 [유라실생],소과,5.0,1,34900.0,34900.0,0,0.0,0,6980.0
YMM251018-00000146,SMF28240458,과즙폭발 꿀당도 보장 감귤 [유라실생],소과,2.5,1,24900.0,24900.0,0,0.0,0,9960.0
YMM251018-00000147,SMF28240458,과즙폭발 꿀당도 보장 감귤 [유라실생],소과,2.5,1,24900.0,24900.0,0,0.0,0,9960.0
YMM251018-00000148,SMF28240458,과즙폭발 꿀당도 보장 감귤 [유라실생],소과,5.0,2,29900.0,29900.0,0,0.0,0,11960.0
YMM251018-00000149,SMF28240458,과즙폭발 꿀당도 보장 감귤 [유라실생],소과,5.0,1,34900.0,34900.0,0,0.0,0,6980.0
YMM251018-00000150,SMF29718566,제주 산지직송 황금향 선물세트 가정용,중대과,2.5,1,39000.0,25000.0,14000,0.358974358974359,0,15600.0
YMM251018-00000151,SMF28240458,과즙폭발 꿀당도 보장 감귤 [유라실생],소과,5.0,1,34900.0,34900.0,0,0.0,0,6980.0
YMM251018-00000152,SMF28240458,과즙폭발 꿀당도 보장 감귤 [유라실생],소과,2.5,1,24900.0,24900.0,0,0.0,0,9960.0
YMM251018-00000153,SMF28240458,과즙폭발 꿀당도 보장 감귤 [유라실생],소과,2.5,1,24900.0,24900.0,0,0.0,0,9960.0
YMM251018-00000154,SMF87846210,"2025 첫수확 노지감귤 가정용 3kg, 5kg",로얄과,5.0,1,24000.0,13300.0,10700,0.44583333333333336,0,4800.0
YMM251018-00000155,SMF28240458,과즙폭발 꿀당도 보장 감귤 [유라실생],소과,2.5,1,24900.0,24900.0,0,0.0,0,9960.0
YMM251018-00000156,SMF28240458,과즙폭발 꿀당도 보장 감귤 [유라실생],소과,5.0,1,34900.0,34900.0,0,0.0,0,6980.0
YMM251018-00000157,SMF28240458,과즙폭발 꿀당도 보장 감귤 [유라실생],소과,5.0,1,34900.0,34900.0,0,0.0,0,6980.0
YMM251018-00000158,SMF28240458,과즙폭발 꿀당도 보장 감귤 [유라실생],소과,5.0,1,34900.0,34900.0,0,0.0,0,6980.0
YMM251018-00000162,SMF97813435,과즙폭발 꿀당도 보장 고당도 감귤 2kg + 황금향 2kg,소과,2.0,1,33000.0,23000.0,10000,0.30303030303030304,0,16500.0
YMM251018-00000163,SMF28240458,과즙폭발 꿀당도 보장 감귤 [유라실생],소과,2.5,1,24900.0,24900.0,0,0.0,0,9960.0
YMM251018-00000164,SMF28240458,과즙폭발 꿀당도 보장 감귤 [유라실생],소과,5.0,1,34900.0,34900.0,0,0.0,0,6980.0
YMM251018-00000165,SMF28240458,과즙폭발 꿀당도 보장 감귤 [유라실생],소과,2.5,1,24900.0,24900.0,0,0.0,0,9960.0
YMM251018-00000166,SMF28240458,과즙폭발 꿀당도 보장 감귤 [유라실생],소과,5.0,1,34900.0,34900.0,0,0.0,0,6980.0
YMM251018-00000167,SMF28240458,과즙폭발 꿀당도 보장 감귤 [유라실생],소과,5.0,1,34900.0,34900.0,0,0.0,0,6980.0
YMM251018-00000168,SMF28240458,과즙폭발 꿀당도 보장 감귤 [유라실생],소과,5.0,1,34900.0,34900.0,0,0.0,0,6980.0
YMM251018-00000169,SMF28240458,과즙폭발 꿀당도 보장 감귤 [유라실생],소과,2.5,1,24900.0,24900.0,0,0.0,0,9960.0
YMM251018-00000170,SMF28240458,과즙폭발 꿀당도 보장 감귤 [유라실생],소과,5.0,1,34900.0,34900.0,0,0.0,0,6980.0
YMM251018-00000171,SMF97813435,과즙폭발 꿀당도 보장 고당도 감귤 2kg + 황금향 2kg,소과,2.0,1,33000.0,23000.0,10000,0.30303030303030304,0,16500.0
YMM251018-00000172,SMF28240458,과즙폭발 꿀당도 보장 감귤 [유라실생],소과,2.5,1,24900.0,24900.0,0,0.0,0,9960.0
YMM251018-00000173,SMF28240458,과즙폭발 꿀당도 보장 감귤 [유라실생],소과,2.5,1,24900.0,24900.0,0,0.0,0,9960.0
YMM251018-00000174,SMF28240458,과즙폭발 꿀당도 보장 감귤 [유라실생],소과,5.0,1,34900.0,34900.0,0,0.0,0,6980.0
YMM251018-00000175,SMF28240458,과즙폭발 꿀당도 보장 감귤 [유라실생],소과,5.0,1,34900.0,34900.0,0,0.0,0,6980.0
YMM251018-00000176,SMF28240458,과즙폭발 꿀당도 보장 감귤 [유라실생],소과,5.0,1,34900.0,34900.0,0,0.0,0,6980.0
